2714 4410
264 299 324 376 'so
515 323 639 373 ternus
661 323 706 371 ru
718 325 987 377 ranaurtumuru

263 447 343 529 fides
366 453 507 510 constet,
522 441 625 501 habes
648 443 869 503 testimonium
891 448 1011 524 grande
1033 445 1243 517 meritorum,

262 574 335 625 oum
357 561 445 608 tauto
469 544 543 605 caeli
565 547 674 606 favore
697 545 758 604 ists
780 549 925 627 perfecta
940 553 1165 627 sunt‚.quanto
1182 548 1245 607 ilie

262 629 338 711 odio
362 661 561 706 corruerunt.
576 645 758 704 Obsedetur
781 645 885 705 oculis
909 648 1058 733 subiecta
1074 649 1243 714 barbaria,¹

262 764 296 811 et
318 748 482 829 intellegit
496 749 569 809 'sibi
591 749 777 807 libertatem
800 767 859 827 pro
882 762 975 827 purte
994 751 1171 820 sublatam,
1189 751 1248 808 cui·

260 872 327 913 non
362 853 442 915 licet
472 854 593 913 habere
626 868 785 912 secretum
808 852 867 934 (1).
891 850 962 912 Non
993 857 1247 933 ego‘montiuns

258 953 424 1033 speculas,
440 967 497 1012 aut
519 955 636 1012 decisa
651 952 809 1039 AEgyptiis¹
821 952 967 1032 >rupibus
989 972 1125 1030 procera
1149 938 1246 1015 mira-'-

261 1056 358 1124 cuis,
390 1057 446 1119 ,vei
480 1059 682 1138 pyramidum
717 1060 854 1118 vertices
887 1056 1076 1135 angulosos,
1102 1058 1244 1138 fastigiis

260 1161 357 1220 celsae
373 1164 470 1223 urbis
499 1164 705 1239 aequa'verim.
723 1159 818 1241 Regis
836 1159 883 1239 (u)
904 1162 992 1240 ipsos
1016 1160 1119 1238 siquis
1132 1163 1244 1219 inter·
1291 1165 1294 1171 ’

257 1281 365 1346 roget,
384 1263 767 1325 laudabuntmehercuie
786 1265 879 1342 ,quod
902 1264 1027 1322 institui
1052 1261 1243 1324 uoluissent.

257 1366 332 1446 Ipse
357 1371 390 1426 in
413 1366 564 1426 hostibus
589 1365 796 1436 depraehendi
822 1362 868 1440 (b)
895 1367 1045 1445 ambigua
1068 1367 1155 1446 signa
1177 1368 1244 1425 for·

257 1471 391 1549 midinis
416 1481 449 1524 et
471 1463 624 1538 stuporis.
647 1460 697 1518 Ita
720 1466 926 1539 conspicuum
951 1471 1105 1525 moenium
1135 1471 1240 1544 digni-

258 1583 357 1628 tatem
381 1568 470 1628 vario
494 1568 748 1641 interpretantur
768 1564 811 1644 (c)
835 1566 979 1623 adfectu:
997 1582 1033 1624 ut
1056 1571 1161 1625 adhue
1185 1575 1243 1627 diu

258 1674 408 1732 iudicare
432 1687 495 1726 non
519 1665 667 1744 possint,
690 1674 796 1720 utrum
818 1680 886 1720 eam
912 1666 1031 1748 *mirari
1062 1667 1162 1744 nragis
1186 1668 1244 1725 de-

256 1772 423 1840 beantes
445 1766 560 1827 vereri.

266 1914 274 1925 .
301 1867 345 1928 IX
380 1869 474 1937 Duri,
496 1869 637 1944 Auguste
661 1868 883 1939 venerabilis,
915 1873 1056 1951 negotiis
1080 1875 1155 1930 ‘tuis
1186 1878 1243 1928 nu'-

258 1970 342 2029 xiiio
358 1971 458 2027 fuisse.
473 1968 629 2027 Caelestis.
648 1967 768 2024 Facilis
792 1970 934 2027 adsertio
955 1983 1019 2038 est,
1037 1992 1110 2030 oum
1125 1973 1240 2030 Rheno

256 2083 340 2128 teste
358 2069 506 2128 nitimurz
524 2069 579 2146 qui
599 2065 719 2146 alpinae
732 2069 828 2125 'nivis
851 2069 957 2127 defluo
980 2069 1108 2148 liquore
1131 2090 1243 2130 eumu-

255 2169 364 2239 latus‚
388 2190 459 2228 oum
484 2173 563 2247 ripae
587 2155 754 2243 utriusque
781 2164 922 2225 confinia
946 2183 1117 2247 cogeretur
1149 2187 1245 2228 exce-

258 2272 359 2335 dere,
392 2255 580 2326 maluitad
612 2264 750 2324 Victoris
770 2267 854 2326 iura
887 2269 1048 2326 transire:
1080 2278 1245 2328 aversatus

236 2369 432 2443 ,estfsolum
453 2371 646 2436 barbarum,
670 2379 839 2445 totumque
862 2365 1009 2447 Principi
1045 2389 1160 2450 agmen
1189 2388 1246 2428 ex-

256 2475 386 2552 posuit,
408 2493 496 2532 more
518 2473 725 2549 migrantium
747 2471 964 2550 perfugarum.
986 2472 1060 2531 Non
1082 2475 1146 2533 fuit
1167 2474 1250 2547 ille,

259 2576 289 2632 si
316 2576 436 2642 credis,
473 2571 610 2632 hostiles
637 2567 684 2651 (d)
709 2559 883 2655 excursus:
917 2561 1006 2630 leuto
1040 2592 1100 2651 per
1130 2560 1248 2653 aperte.

257 2672 416 2750 Processu
439 2672 529 2729 venit
549 2668 665 2729 similis
689 2670 902 2746 supplicanti.
924 2671 1135 2731 Deditionem
1158 2677 1246 2735 vidi-

260 2787 331 2826 mus
354 2770 564 2834 fluentorum,
580 2766 650 2824 Nili
669 2770 896 2844 eruptionibus
912 2773 1108 2847 proximam,
1125 2777 1247 2853 quibus

258 2892 350 2930 erens
375 2871 525 2948 Canopus
538 2867 584 2949 (e)
602 2880 635 2926 et
657 2867 833 2930 Memfitics
855 2870 961 2950 glaeba
984 2875 1180 2955 pinguescit.
1203 2877 1246 2937 Et

259 2970 320 3032 ille
346 2969 393 3052 (a)
418 2984 454 3029 ut
476 2971 675 3047 obsequatur
697 2973 880 3050 egreditur,
905 2976 1005 3033 cessit
1026 2976 1174 3058 alius(3)
1190 2977 1244 3058 (f)

267 3095 1237 3122 Q

284 3162 312 3203 (a)
323 3163 352 3196 irs
365 3156 412 3194 ced.
424 3167 460 3203 pre
472 3167 527 3201 reges.
540 3153 566 3198 (bi
578 3155 606 3190 its
618 3152 666 3190 ost.
677 3165 721 3190 enrn
734 3153 861 3201 diphthongo.
875 3157 900 3198 (e)
908 3154 1146 3204 (iod-interpr·oetssmr.(d)
1156 3161 1184 3195 Its
1192 3161 1246 3198 coti.

262 3230 299 3268 pro
310 3219 383 3257 hortilir.
394 3222 420 3264 (e)
433 3218 480 3255 God-
492 3218 582 3266 Capsum.
597 3215 626 3263 (j)
641 3215 687 3252 uet.
698 3214 751 3260 attur,
766 3227 836 3265 nempe
849 3228 885 3264 pro
898 3215 956 3254 aliud.
974 3219 1023 3256 niti
1041 3221 1144 3260 ridebatur
1155 3223 1245 3260 seriben-

263 3285 310 3319 dum
323 3281 374 3318 aum.

262 3462 265 3474 .
290 3435 328 3486 (1)
345 3431 559 3486 Ammiannsxxrx.
576 3446 601 3490 4.
620 3434 674 3478 sis:
693 3453 706 3476 s
726 3434 878 3494 Espeouiis,
896 3435 970 3496 siquis
991 3436 1096 3483 hostium
1107 3452 1131 3482 se
1146 3451 1252 3484 commu·

259 3538 273 3565 ss
292 3521 382 3578 risset,
401 3521 504 3578 desuper
521 3521 586 3567 visus
606 3523 752 3567 obruebatur
769 3541 792 3565 s.

274 3603 329 3661 ·(a)
348 3604 439 3661 Nempe
457 3605 561 3650 libanus.

295 3688 333 3741 (3)
351 3686 443 3744 Nempe
460 3686 534 3748 Niger
551 3685 646 3732 fluvios.
665 3687 703 3732 sie
714 3700 793 3734 nutem
810 3707 860 3736 rem
878 3699 960 3737 narret
975 3690 1111 3755 Ammianus
1127 3704 1211 3737 xxvur.
1224 3706 1261 3738 n.-

262 3790 275 3812 »
296 3771 354 3816 Cum
371 3779 494 3828 reputaret
511 3771 692 3818 Volentinisuus
714 3771 888 3820 munimentum
906 3775 996 3820 celsum
1017 3784 1042 3820 et
1068 3786 1159 3834 tntum,
1185 3779 1255 3837 quod
