2714 4410
208 254 244 314 18
435 267 562 315 arruns
584 269 619 314 rs
642 269 909 318 vttrurrrtstmr

226 383 466 446 vulnerasset
487 387 583 447 noris
598 389 760 449 moenibus
776 403 892 449 cetere
908 390 1074 464 civitatee,
1088 410 1176 474 qnae

183 500 296 547 manus
311 488 521 568 designavere
536 491 688 569 privator:
702 493 805 570 sique
820 506 896 552 eunt
912 501 1107 578 cognitionis
1121 500 1174 581 (o)

183 598 393 679 principalis,
417 597 521 660 livore
544 596 660 659 aemulo
683 605 903 664 mordeantur.
917 602 1048 667 Habent
1068 609 1176 668 condi·

185 713 270 758 tores
294 698 455 774 inclutos3
478 705 637 783 numquid
659 704 793 765 artificia
816 707 922 786 ipsoai
946 709 1082 772 Interfui
1107 712 1175 793 (ι),

186 806 331 882 Auguste
354 809 574 878 venerabilis,
607 812 801 889 cumpositis
836 811 932 869 armis
964 814 1177 874 fundamenta

187 907 388 966 describeres
411 922 444 969 ct
463 908 594 970 felicem
627 911 791 971 dexteram
819 909 995 970 fabrilibus
1029 912 1177 992 (labori-

89 1066 91 1072 ,
184 1009 271 1089 bus)
308 1029 491 1089 occupares.
526 1012 611 1072 Hinc
646 1033 705 1094 ego
737 1015 869 1093 oppidis
904 1017 967 1070 tuis
999 1034 1177 1091 perennem

188 1119 346 1195 promitto
368 1118 535 1178 fortunam.
570 1120 645 1192 Quor
665 1112 732 1176 Deo
765 1119 931 1197 proximus
963 1119 1177 1195 auspicatur,

191 1236 313 1281 aeterna
336 1237 420 1282 eunt.
452 1221 615 1280 Hactenus
638 1221 831 1304 Syracusani
853 1221 1059 1280 Archimedis
1088 1220 1179 1280 stetit

187 1328 316 1408 gloria:
341 1329 455 1385 docuit
477 1343 615 1401 namque
637 1330 743 1384 exitus
767 1325 852 1384 nihil
873 1322 1023 1404 „valuisse
1044 1343 1104 1401 pro
1128 1324 1177 1382 ci·

186 1428 285 1483 vibus
309 1436 479 1482 conmenta
508 1416 679 1498 prudentis
704 1422 764 1501 (a).
788 1424 851 1497 Qui
884 1428 1034 1500 nequivit
1065 1423 1177 1481 clausa

187 1529 381 1604 protegere,
406 1525 536 1599 quando
556 1525 718 1599 potuisset
735 1538 849 1602 aperta
868 1528 1013 1583 munire?
1035 1529 1176 1585 Peritiue

190 1631 289 1689 urbes
324 1639 515 1686 construunt
548 1628 601 1704 qui
636 1639 776 1686 tuentur.
809 1627 871 1686 Sed
906 1627 983 1703 quid
1013 1624 1059 1705 (b)
1083 1625 1174 1702 prius

187 1729 304 1794 mirer,
328 1729 452 1804 ignoro.
468 1723 592 1782 Ceteris
617 1723 661 1805 (c)
686 1726 725 1783 ab
749 1746 810 1784 usu
827 1725 875 1805 (d)
895 1725 1121 1784 fabricationis
1144 1737 1175 1780 te

190 1825 296 1886 solum
318 1832 416 1883 scisse
440 1825 519 1902 quid
543 1823 718 1882 conderes?
739 1825 788 1882 An
811 1826 871 1883 sub
889 1840 921 1883 te
937 1844 1000 1883 uno
1024 1825 1176 1903 magistro

189 1929 294 1986 omnis
319 1924 398 1984 ilico
422 1928 479 2004 qui
502 1928 638 1984 ederant
652 1927 839 1984 institutos?
861 1925 979 1986 Nullus
1002 1929 1078 1986 inde
1094 1926 1178 1984 abiit

189 2035 244 2093 in.
258 2076 264 2092 .
278 2075 285 2090 .
299 2034 441 2110 prudens
465 2043 625 2108 praetereo
649 2033 736 2107 quod
761 2030 854 2087 aliis.
874 2071 882 2086 .
898 2071 905 2085 .
921 2030 1130 2086 curantibus.
1147 2066 1180 2086 ..
1244 2041 1249 2052 ·

188 2138 230 2197 lis
254 2152 310 2195 aut
333 2135 489 2194 imbrium
518 2135 686 2210 ingentium
712 2132 807 2190 toedia
837 2128 1012 2209 pertulisti.
1049 2128 1179 2204 Quanto

190 2238 254 2296 tibi
276 2232 425 2314 (lubet)
450 2273 483 2291 ..
502 2273 510 2288 .
526 2249 654 2307 semper
676 2233 745 2288 otio
771 2231 940 2289 vindicata
962 2229 1049 2288 solos
1072 2231 1180 2307 opi..

191 2338 251 2398 bus
277 2333 405 2394 vexillis
428 2332 561 2393 adduxit
578 2332 756 2391 exercitum
772 2345 806 2391 et
821 2352 876 2392 ore
895 2376 901 2391 .
917 2375 926 2392 .
942 2376 951 2393 .
966 2332 1109 2390 Dedalus
1131 2330 1183 2412 (e)

191 2452 401 2520 grassatorem
433 2436 603 2514 Cecropiae
626 2433 682 2514 (3)’
698 2435 805 2495 nobili
829 2434 843 2517 (
869 2436 1004 2514 caves)
1029 2434 1178 2492 inclusit.

193 2547 281 2623 Quid
305 2540 493 2621 expectavit
514 2540 705 2600 Alamannia
720 2583 728 2598 .
745 2582 753 2597 .
771 2585 778 2599 .
794 2558 827 2599 m
848 2554 936 2599 totus
959 2538 1122 2596 exercitus
1147 2549 1183 2594 et

192 2648 381 2724 mancipare
404 2664 446 2701 no
466 2683 474 2699 .
491 2682 498 2697 .
516 2683 526 2703 .
541 2655 583 2698 et
606 2639 781 2700 claudere?
1012 2636 1015 2641 ’

230 2871 294 2911 (stlta
306 2866 353 2901 cod.
365 2863 476 2910 cognitionis.
494 2863 520 2907 (h)
531 2863 579 2900 ted.
597 2861 640 2912 quit.
658 2865 683 2906 (t)
694 2867 723 2899 ln
734 2863 781 2899 cod.
799 2863 871 2907 suerin
884 2863 923 2900 niti
934 2865 993 2902 nerle
1011 2873 1081 2902 canon
1100 2864 1127 2913 (d)
1138 2862 1183 2900 liti

207 2937 267 2975 nevit
278 2935 343 2984 legere
355 2934 418 2971 adum.
430 2935 454 2978 (s)
466 2936 495 2970 lta
506 2933 553 2969 (lod.
566 2931 608 2969 sins
627 2931 752 2980 dlphslrongo.

200 3070 1184 3096 mmm—Q

168 3165 172 3171 ¹
225 3151 264 3201 (ι)
280 3145 445 3203 Symmachum
463 3151 569 3189 secutum
586 3160 639 3190 esee
656 3154 734 3190 castra
749 3154 862 3205 tyronem
876 3149 978 3197 diximus
996 3150 1022 3196 in
1032 3153 1183 3212 Argumento

193 3231 282 3290 prioris
301 3228 463 3273 Lnudationis.
483 3226 543 3273 licie
560 3237 638 3273 autem
656 3228 709 3286 ipse
726 3230 760 3274 ait
777 3247 801 3276 se
818 3232 965 3286 interfuisse,
986 3250 1059 3294 quum
1076 3233 1192 3279 Valenti·

194 3315 279 3359 nisnun
297 3313 401 3371 oppida,
418 3312 445 3354 ln
462 3311 538 3356 limite
556 3312 669 3358 nimirum
687 3314 782 3371 Rheni,
800 3326 960 3362 construeret.

229 3402 265 3452 (2)
282 3399 317 3441 De
334 3396 449 3442 machinis
468 3395 553 3454 quibus
572 3390 723 3442 Archimedes
741 3397 783 3442 diu
797 3399 911 3446 adversus
928 3401 1070 3446 Marcellum
1082 3401 1193 3459 Syracu·

197 3500 234 3528 aas
251 3479 360 3526 defendit
376 3481 432 3524 vide
450 3481 576 3536 Polybium
592 3495 643 3525 vrrs.
662 3490 686 3526 et
703 3480 797 3538 nivium
815 3496 881 3527 xxiv.
901 3486 941 3543 34.

230 3575 266 3631 (3)
285 3570 393 3615 Cutullus
410 3569 437 3614 in
455 3571 566 3615 Carmine
583 3583 647 3616 mu.
665 3584 690 3615 v.
709 3573 759 3628 78·
770 3584 810 3629 79.
829 3571 876 3617 altr

267 3651 353 3704 Elector
371 3657 458 3701 iuvenes
475 3654 542 3701 :insul
557 3665 580 3700 et
596 3655 661 3700 decus
679 3653 823 3715 innuptarum

267 3743 394 3804 Cecropiam
411 3733 501 3789 rothen
517 3758 563 3789 em
581 3741 660 3803 dapem
677 3742 731 3788 dure
748 3745 887 3788 Minotauro.
