2714 4410
311 318 377 370 xrr
562 321 729 368 domums
756 304 941 374 nuenario*

265 468 374 537 quem
391 443 615 513 Theoderico
631 449 711 543 regi
727 448 837 533 dixit,
857 451 1058 537 adornans,
1074 455 1244 553 plagiarii

263 581 379 650 prope
395 555 488 638 ritu,
514 559 716 647 Symmachi
734 560 872 629 Laudes
893 565 932 631 in
947 565 1242 637 Valentinianum

263 665 450 733 Seniorem
476 666 636 735 imitatus
662 685 737 735 est:
770 669 869 761 quod
894 697 992 740 nunc
1018 676 1171 765 primum
1196 700 1242 745 ex

212 826 214 831 .
264 791 388 840 nostra
403 774 609 866 Symmachi
624 775 791 844 Editione
814 781 1055 874 cognoscitur.
1074 785 1242 852 Ceterum

262 879 360 950 belle
389 885 578 981 contingit,
603 902 643 951 ut
666 884 863 954 Mediolani
888 886 1039 978 prodeat
1060 888 1100 955 in
1124 892 1244 960 lucem

237 1071 239 1074 .
264 995 518 1084 Symmachus,
543 998 710 1090 adquam
728 997 855 1065 urbem
881 1017 916 1066 et
941 1022 1022 1065 eum
1039 1023 1113 1067 non
1130 1005 1245 1072 semel

261 1106 457 1172 ventitasse
490 1124 631 1174 constat
651 1115 705 1188 (¹),
733 1124 769 1175 et
799 1110 837 1175 in
854 1108 976 1176 eadem
1006 1114 1245 1180 versatumo).

264 1211 360 1300 Quin
377 1234 414 1282 et
431 1215 639 1309 eloquentia
655 1218 718 1283 sna
734 1216 983 1308 Symmachum
997 1218 1245 1287 Mediolanen-

264 1324 357 1391 sium
381 1350 485 1393 aures
510 1325 721 1395 demulsisse
748 1310 905 1420 opinor,
930 1333 990 1399 vel
1016 1356 1095 1399 cum
1113 1332 1182 1399 huc
1198 1332 1246 1400 ad

262 1434 440 1498 illustrem
454 1433 644 1524 quemdam
659 1437 885 1503 consulatum
898 1441 1090 1529 praesentia
1105 1464 1168 1507 sua
1181 1463 1243 1507 co·

261 1541 525 1610 honestandam
538 1560 686 1610 vocatus
701 1547 859 1624 venitm,
875 1545 934 1610 vel
950 1561 1047 1610 certe
1061 1568 1140 1610 cum
1157 1549 1243 1611 mis·
1306 1571 1308 1575 ¹

262 1681 322 1726 aus
340 1681 360 1723 a
376 1680 525 1725 romano
552 1673 679 1723 senatu
697 1655 742 1722 ad
758 1657 936 1748 Principis
956 1679 1062 1746 opem
1087 1678 1242 1722 exorau-

262 1764 344 1856 dam
368 1765 437 1831 huc
465 1788 505 1832 se
521 1766 653 1831 iterum
672 1766 824 1831 contulit
841 1767 896 1833 (4).
912 1765 1050 1859 lnsigui
1068 1783 1244 1857 praeterea

260 1872 442 1942 beneficio
460 1872 749 1941 Mediolanenses
769 1873 853 1940 olim
870 1874 989 1940 affecit
1005 1897 1161 1941 romanae
1178 1896 1240 1939 ur·

260 1984 319 2053 bis
334 1986 522 2078 praefectus
535 1986 780 2075 Symmachus,
795 2009 878 2052 cum
897 1989 1151 2080 Augustinum,
1168 1990 1243 2054 cla·

199 2174 203 2181 y
260 2093 1245 2191 tissimumAfricaelumemrhetoricaeartismagistrum

263 2204 310 2282 ad
333 2205 414 2271 illos
440 2205 538 2272 misit
553 2205 607 2270 (5).
631 2203 766 2293 Excipe
791 2204 928 2297 igitur,
955 2203 1183 2271 nobilissima
1208 2221 1267 2269 et⁴

260 2314 468 2381 doctissima
505 2312 593 2381 urbs
629 2313 899 2396 Mediolanum,
920 2316 1067 2406 ¹excipe
1094 2317 1244 2405 inquam

260 2424 387 2494 debita
423 2446 504 2492 com
540 2424 778 2494 admiratione
817 2426 1093 2516 Symmachum,
1136 2451 1245 2518 quem

263 2537 372 2602 etiam
395 2534 500 2604 divus
534 2534 598 2601 ille
623 2558 755 2627 parens
781 2552 862 2601 tuus
892 2535 1130 2616 Ambrosius,
1171 2558 1245 2602 non

259 2669 365 2713 secus
391 2668 431 2711 ac
455 2642 614 2711 Tullium
639 2644 875 2724 Hortensius,
914 2644 1109 2709 maximum
1135 2665 1244 2709 aemu·

261 2753 401 2821 lumin
425 2752 642 2846 eloquentiae
668 2750 853 2818 curriculo
879 2768 1051 2842 expertus
1077 2767 1131 2816 est
1148 2750 1198 2816 (⁶).

289 3057 328 3121 (ι)
342 3053 418 3113 Epist.
438 3052 570 3110 symmach.
595 3063 637 3094 vu.
667 3050 822 3106 1³.14.72.
848 3049 884 3101 (a)
902 3059 935 3090 ιν.
954 3058 994 3104 49.

255 3140 293 3195 (3)
310 3152 342 3184 ry.
362 3140 400 3184 31.
417 3136 518 3182 Videtur
536 3134 644 3180 autentis
661 3133 734 3178 suisne
753 3133 891 3177 consulatus
910 3143 942 3175 tv.
955 3127 1118 3174 Valentiniani
1129 3125 1249 3178 Iunior-ir,

257 3224 300 3286 qui
316 3223 402 3269 incidit
418 3223 445 3267 in
462 3235 550 3266 annum
563 3233 640 3266 oonxc·
651 3222 688 3277 (4)
700 3230 723 3262 v.
743 3217 785 3277 95.
802 3216 840 3272 (5)
851 3215 976 3278 Augustiu-
988 3213 1096 3258 Gonsers·
1109 3211 1159 3256 Lib.
1171 3223 1195 3252 v.
1211 3209 1249 3252 13.

208 3366 211 3373 ,
255 3320 294 3378 (6)
310 3321 371 3365 Vide
388 3322 418 3364 ad
443 3317 578 3378 Symmachi
594 3316 745 3362 Relationem
775 3329 823 3372 pro
852 3329 892 3357 aru
918 3312 1029 3358 Victoria
1059 3307 1249 3368 Responsionem

258 3417 385 3464 utromque
403 3403 523 3450 Ambrosii
540 3401 710 3448 Valentiniano
729 3399 1008 3463 lun.Aug.oblmm,ot
1026 3395 1121 3442 testim
1138 3389 1250 3452 Eugenio

257 3489 314 3538 item
331 3491 445 3555 Augnuc.
