2714 4410
238 258 278 330 48
360 285 362 289 ,

329 366 332 373 ’
377 383 641 446 onertonts
675 386 766 447 eno
803 387 1045 453 aaronem

551 593 853 643 AROVMBMVM

1058 712 1070 744 Ι

257 826 386 950 Hm
409 893 584 955 Orationem
604 895 729 972 mirifice
750 893 885 957 illustrat
909 892 971 968 ipse
997 891 1197 966 Symmachus

215 988 353 1066 Epistulci
383 1007 434 1068 44.
466 993 551 1054 Libri
584 1014 609 1053 1.
642 1015 732 1076 quom
762 993 828 1052 heic
859 987 1029 1078 exscrihcre
1055 995 1197 1070 pruium

173 1143 177 1151 .
216 1104 394 1167 operaest.

328 1252 347 1282 a
369 1232 610 1294 SYMMACHUS
630 1233 782 1293 loonio
803 1227 1084 1292 PRAETEXTATO.

255 1418 274 1447 a
297 1397 434 1454 Meretur
451 1398 638 1474 indulgentia
660 1401 690 1454 in
710 1419 759 1458 me
781 1414 852 1471 tua,
881 1413 916 1457 ut
941 1418 979 1458 ea
989 1442 1001 1470 ,
1027 1416 1095 1478 qua
1115 1415 1193 1476 pro-

217 1513 236 1543 n
260 1494 340 1549 xime
363 1494 448 1551 laudi
478 1496 550 1554 mihi
573 1497 721 1572 fuerunt,
756 1503 834 1559 clam
857 1517 886 1560 te
910 1520 972 1559 esse
999 1522 1059 1561 non
1074 1505 1195 1577 patiar.

215 1612 235 1641 u
262 1589 357 1649 Credo
379 1594 523 1654 indicium
537 1595 649 1670 fecisse
677 1596 734 1654 tibi
746 1598 891 1673 famam,
922 1596 1004 1677 quod
1030 1599 1194 1655 Parentem

214 1710 233 1739 n
259 1707 354 1746 meum
378 1694 442 1747 ruri
473 1702 566 1769 atque
588 1697 617 1751 in
639 1712 753 1752 secessu
776 1700 892 1752 amissae
913 1689 1018 1754 demtis
1049 1696 1195 1751 iniuriam

213 1811 232 1840 a
256 1787 484 1866 decoquentem,
499 1792 710 1870 frequentibus
724 1794 893 1876 suffragiis,
918 1794 1047 1872 denique
1063 1796 1197 1853 oratori·

216 1911 234 1942 rr
260 1887 313 1948 bus
335 1895 442 1964 missis,
464 1911 539 1953 noco
563 1895 676 1954 honore
690 1900 821 1957 Senatus
833 1901 991 1958 acciverit.
1010 1893 1077 1970 Quoi
1099 1891 1197 1954 causei
1226 1871 1232 1885 Ι

216 2018 235 2044 υ
261 1993 313 2053 uhi
328 1998 459 2074 primum
474 1994 663 2072 facultatem
682 1998 821 2075 loquendi
842 1999 925 2076 apud
941 2000 1068 2076 collegas
1090 1999 1200 2056 attulit

215 2122 236 2152 a
261 2098 345 2167 dies,
369 2103 431 2177 egit
451 2102 503 2159 ilie
516 2102 642 2159 Senatui
659 2105 777 2180 gratias
791 2097 829 2157 eei
845 2099 1004 2174 facundia
1023 2101 1199 2178 gravitate,

221 2223 241 2252 n
266 2195 328 2275 quei
362 2213 449 2258 notus
481 2213 534 2256 est.
570 2200 708 2256 Colendoe
732 2213 802 2257 tunc
824 2212 931 2270 erant,
963 2198 1069 2279 quihus
1100 2216 1201 2257 onnus

213 2324 232 2354 n
258 2303 405 2378 aperitur.
426 2304 518 2362 Brevi
536 2303 695 2361 interuallo
718 2320 785 2359 cum
800 2300 967 2376 familiaris
991 2303 1050 2358 mei
1075 2301 1202 2378 Trygeti

216 2423 236 2452 u
256 2401 321 2475 filio
340 2401 485 2479 pretorio
520 2399 684 2458 candidato
717 2402 845 2458 actionis
868 2418 993 2480 operam
1019 2398 1200 2477 spopondis-

213 2528 233 2559 υ
258 2523 340 2574 sem,
364 2507 496 2561 animum
525 2505 628 2584 religio
661 2507 820 2571 convenit,
854 2517 889 2561 ut
914 2506 1071 2562 occasione
1103 2500 1200 2559 desti·
1241 2507 1245 2512 '

215 2629 233 2659 rr
258 2607 325 2661 nuti
346 2605 436 2678 officii
458 2602 570 2659 obirem
591 2621 696 2660 munus
717 2602 819 2660 adhuc
834 2622 854 2659 a
875 2621 922 2660 me
934 2605 1022 2680 patri
1041 2598 1191 2670 debitum,

215 2730 235 2760 u
259 2707 332 2777 secl,
368 2719 402 2763 ut
432 2704 498 2760 dici
509 2745 520 2773 ,
550 2703 590 2760 ab
623 2706 674 2760 illo
705 2707 832 2762 Senatui
864 2707 924 2760 iam
946 2705 1083 2761 solutum.
1117 2706 1192 2780 Ergo

217 2828 234 2855 n
260 2801 302 2860 ori
322 2806 458 2879 qtcintum
493 2801 559 2858 idus
586 2801 725 2858 Ianuarii
756 2801 848 2861 aerbo
874 2801 942 2876 feci
962 2804 993 2859 in
1014 2802 1194 2882 amplissimo

215 2928 232 2962 u
260 2905 370 2965 Ordine
393 2930 424 2962 n.
633 2889 636 2893 ⁵

255 3005 354 3072 Porro
375 3009 568 3086 Symmachus
589 3022 697 3067 narrat
716 3006 846 3067 eiusdem
860 3005 944 3065 Libri
962 3005 1099 3086 Epistula
1125 3004 1196 3074 52„

215 3134 283 3174 earu
319 3117 493 3173 Orationem
527 3113 652 3170 Senatui
688 3125 720 3170 et
753 3113 808 3189 ipsi
847 3112 957 3190 Agorio
1003 3093 1198 3171 Proetcxtato

215 3232 397 3299 magnopere
413 3214 578 3291 placuisse.

321 3408 338 3435 a
362 3383 601 3440 SYMMACHUS
628 3380 779 3439 AGORIO
804 3381 1087 3442 PRAETEXTATO.

261 3523 436 3580 Orationem
457 3539 552 3579 meam
575 3521 630 3600 tibi
644 3540 706 3580 esse
722 3524 943 3600 complacitam,
967 3523 1058 3580 nihilo
1077 3514 1199 3603 sequius

218 3648 234 3673 ,ι
257 3621 397 3701 gaudeo,
420 3641 512 3699 quarn
533 3621 614 3700 quod
636 3640 704 3679 eom
725 3621 859 3680 secundo
882 3625 1102 3682 existimatione
1119 3643 1198 3704 pars

218 3746 236 3776 u
261 3722 367 3782 melior
388 3721 512 3781 humani
529 3723 648 3801 generis
668 3723 794 3780 Senatus
816 3721 934 3781 audiuit
952 3746 981 3779 n.
