2714 4410
111 838 118 873 l

207 287 225 345 8
432 298 555 348 ctvnns
577 299 614 346 tr
634 299 902 351 vttnrrntunvu

222 416 308 479 VIII.
331 418 377 477 du
410 427 559 496 exiguum
592 421 721 478 virtutis
745 432 777 478 et
798 419 966 498 patientiae
1000 430 1063 476 turn
1087 436 1181 496 spe-¹x

185 523 291 581 cimen
324 522 490 580 arbitraris
516 527 644 601 „quod
678 544 785 582 rerum
820 545 942 583 summa
975 525 1103 605 fastigia
1129 539 1163 582 et

182 623 306 679 romani
339 622 478 680 nominis
512 629 639 702 apicem
673 641 863 684 consecutus
899 631 982 685 inter
1018 640 1068 685 tot
1088 646 1163 704 pro·

180 720 306 778 vincias
329 723 447 798 partim
471 724 535 781 eitu
558 743 718 794 amoenas,
738 729 857 804 ¹purtim
882 746 962 806 pnce
986 728 1165 794 iucundas,

184 819 393 879 centurbium
416 823 584 882 maiestate
608 826 790 894 mirabilis,
816 841 872 884 sut
897 827 1093 904 populorum
1116 846 1168 886 co·

180 920 247 996 piis
279 924 528 993 redundantes,
555 929 664 984 sedem
693 929 929 1003 quodammodo
959 929 992 983 in
1016 946 1053 983 ea
1075 941 1167 1004 parte

182 1024 325 1097 posuisti
349 1043 411 1100 qua
435 1029 536 1083 totius
568 1026 762 1106 reipublicae
796 1029 888 1085 ruins
912 1027 1068 1105 vergebat
1091 1024 1169 1107 (qt

183 1121 281 1182 Tales
314 1127 379 1185 sibi
413 1143 512 1187 terras
550 1129 673 1208 eligunt
702 1133 758 1208 qui
801 1145 836 1189 ut
876 1129 1072 1188 subveniunt
1108 1126 1169 1183 eli-

184 1243 311 1308 guntur.
335 1229 485 1290 Nondum
508 1234 686 1310 degustatis
709 1235 840 1312 imperii
862 1235 972 1300 bonis,
996 1228 1080 1288 solus
1104 1228 1168 1313 dif-

182 1330 344 1392 ficultstes
369 1338 408 1392 de
432 1336 554 1389 honore
589 1337 727 1394 sortIris.
762 1336 889 1395 Tandiu
922 1355 988 1392 non
1020 1344 1170 1392 tenerent

184 1432 328 1497 Gallice,
352 1435 378 1487 si
403 1433 580 1508 placerent.

185 1568 188 1573 -
224 1531 278 1589 IX.
302 1531 406 1590 Inctet
428 1550 462 1589 se
486 1531 616 1590 Punicis
639 1535 810 1594 Africanus
844 1537 993 1601 exuviis,
1028 1540 1083 1591 sed
1110 1537 1168 1591 diu

180 1631 216 1689 in
250 1631 363 1690 Sicilia
400 1631 552 1708 palliatus
591 1637 722 1717 erravit!
747 1636 807 1716 (2).
844 1635 1078 1693 Mithridaticis
1118 1629 1165 1709 (a)

187 1730 305 1806 spoliis
334 1728 487 1788 Lucullus
521 1731 669 1800 exultet,
708 1738 764 1792 scd
788 1738 845 1792 diu
874 1739 907 1792 in
931 1735 1067 1792 Pontico
1090 1732 1169 1788 luxu

184 1853 277 1912 paeue
299 1835 407 1892 victor
430 1831 554 1910 languit
570 1834 627 1915 (3).
652 1836 794 1896 Orientis
818 1851 932 1915 tropea
956 1835 1002 1916 (b)
1027 1846 1169 1893 ostentet

185 1934 369 1999 Antonius.
403 1936 459 1992 sed
492 1937 578 1992 iuter
610 1935 773 2016 AEgyptiss
807 1941 906 1994 taedss
941 1938 1031 2014 regio
1061 1933 1169 1991 amore

185 2036 323 2094 diffluxit
339 2038 451 2096 insano
470 2034 528 2117 (4)
544 2036 598 2096 Illi
616 2038 786 2096 triumsslis
800 2037 843 2117 (c)
862 2041 939 2106 viri,
956 2037 1106 2096 delicatis
1117 2035 1165 2115 (d)

185 2144 325 2219 negotiis
347 2142 572 2218 frequentibus
597 2144 772 2219 occupati,
804 2161 926 2199 nmoens
949 2141 1081 2200 litorum
1104 2152 1169 2195 ter-

183 2264 355 2321 rarumque
373 2245 481 2319 opima
499 2255 667 2300 sectantes.
691 2242 746 2300 Vis
770 2257 879 2320 petunt
893 2243 1050 2321 proximae
1066 2241 1171 2298 aetntis

185 2340 352 2421 exempla?
375 2342 459 2402 Ecce
484 2340 575 2400 Baius
600 2341 664 2398 sibi
686 2341 847 2420 Augustus
866 2360 885 2396 a
909 2343 1064 2399 continuo
1088 2340 1170 2396 mari

183 2595 186 2601 ·
210 2585 292 2628 (cloud.
303 2583 452 2620 mulctantes.
468 2585 493 2627 (b)
511 2587 539 2620 Its
550 2585 598 2621 cod.
611 2584 652 2622 tine
665 2585 787 2634 diphthongo
803 2593 875 2634 tropen.
893 2586 919 2630 (t)
932 2586 961 2620 Its
974 2582 1129 2632 (iodtrlttmsttlit
1151 2592 1173 2620 et

190 2662 236 2688 uox
248 2651 345 2711 triusion.
363 2649 390 2693 td)
402 2649 449 2685 eod.
463 2648 549 2685 sutiam

212 2849 250 2900 (1)
270 2847 422 2902 Symmachus
441 2845 548 2890 imitetur
565 2843 725 2900 Ciceronem,
743 2839 786 2902 qui
804 2842 886 2886 eudem
903 2842 933 2884 de
952 2841 979 2884 C·
1000 2841 1064 2887 Iulio
1082 2842 1175 2889 (lature

181 2936 207 2980 in
225 2934 310 2979 Galliis
330 2934 433 2996 degente
451 2933 491 2977 sit·
511 2935 574 2976 Orat.
595 2931 629 2975 de·
640 2935 705 2975 Pron.
724 2945 784 2974 conr.
802 2943 849 2974 ιιι.

183 3062 186 3071 ,
214 3025 251 3077 (2)
270 3023 294 3064 P.
313 3011 394 3077 s'eipto
415 3019 457 3080 qni
474 3019 617 3078 cognomine
635 3016 741 3064 Africani
758 3015 853 3061 maioris
872 3014 998 3076 insignitus
1016 3014 1082 3075 suit,
1100 3033 1175 3078 quum

183 3105 315 3152 exercitum
331 3103 358 3147 in
377 3102 479 3147 Africam
496 3102 664 3147 traiiciendnm
676 3101 764 3146 diutius
778 3101 805 3144 in
815 3098 896 3144 Sicilia
905 3099 1029 3144 instruere
1039 3101 1175 3160 rideretur,

181 3187 314 3234 diffamatus
331 3186 411 3231 Romo
429 3195 464 3232 est
479 3221 486 3244 ‚
504 3194 623 3246 tumqunm
639 3184 659 3229 it
677 3199 731 3228 cum
743 3181 857 3226 militibus
871 3181 1043 3229 luxuriaretur.
1062 3203 1074 3224 ιι
1094 3184 1174 3240 Ipsius

182 3293 196 3316 s
217 3273 315 3333 (iuquit
332 3271 413 3317 Livius
431 3285 495 3315 xxix.
517 3284 555 3328 19.
578 3270 587 3331 )
613 3267 765 3327 imperatoris
784 3283 833 3310 nou
857 3282 968 3312 romanus
985 3268 1057 3313 modo
1075 3268 1118 3312 sed
1142 3284 1175 3314 ne

181 3377 195 3398 s·
215 3357 324 3402 militaris
343 3357 439 3416 quidem
459 3358 537 3401 cultus
556 3356 702 3400 incttbntur:
722 3367 775 3396 cum
791 3350 867 3410 pullio
895 3352 1049 3412 crepidisque
1066 3351 1175 3396 inambu-

182 3460 196 3483 υ
215 3442 266 3485 lare
283 3441 311 3483 in
329 3441 453 3501 gymnasio
470 3451 538 3484 etc.»

217 3525 252 3575 (3)
269 3523 395 3566 Lucullum
421 3522 479 3567 item
504 3523 637 3568 incusatum
654 3539 667 3566 ι
685 3531 768 3567 senatu
786 3523 851 3582 quod
869 3521 1056 3568 Mithridaticum
1079 3522 1174 3569 bellum

183 3605 272 3652 diutius
289 3605 352 3648 iusto
370 3606 540 3663 protraheret,
568 3608 667 3665 eiusque
693 3606 823 3651 exercitum
844 3607 941 3664 publiea
963 3606 1106 3652 suctoritste
1125 3621 1172 3651 sou

183 3690 259 3735 lutum
271 3698 358 3744 ¹trnrrat
377 3689 502 3746 Appisnne
520 3691 576 3738 Bell,
596 3690 674 3736 uitii,
693 3693 749 3751 cap,
769 3706 809 3752 90.

218 3777 258 3831 (4)
276 3773 348 3832 Apud
364 3772 523 3834 Cleopatram.
