2714 4410
209 311 249 373 26
439 321 563 369 nsvnrs
584 322 621 367 rr
641 320 910 369 rsnnnnrrtnrn

121 500 123 507 .
187 447 333 508 Exclusit
348 442 453 502 cultus
468 442 639 522 indigenas
656 440 717 523 (a),
735 455 769 500 et
784 446 876 520 quasi
892 444 956 502 iam
972 442 1165 505 vacantibus

159 554 302 615 ¹mediis
337 546 474 607 ulterior
506 544 620 607 accola
652 563 818 603 romanum
856 547 960 604 sendus
1000 544 1163 622 efflagitat.

186 653 262 720 Non
286 661 351 718 est,
373 664 587 726 naengum,
610 647 767 714 otiosum,
789 649 877 723 quod
899 646 1163 726 Burgundionum

186 757 299 817 crebra
320 751 440 830 legatio
466 748 673 808 concordiam
695 745 876 824 postulavit
898 746 957 827 (1).
986 750 1049 804 Aut
1077 764 1165 803 arma

182 857 344 934 Principis
378 854 588 920 sentiuntur,
622 863 676 909 aut
700 852 763 910 iam
787 848 874 909 celsa
896 853 1020 909 eminus
1044 866 1166 911 castro·

182 980 254 1020 rum
285 972 371 1017 tecta
404 955 587 1017 rutilarunt.
627 957 748 1037 Optant
783 957 945 1016 cohaerere
981 957 1164 1016 victoribus

183 1065 275 1141 prius
298 1077 402 1139 pace,
436 1077 531 1136 quam
554 1058 668 1116 limite.
692 1056 724 1114 Si
749 1056 816 1115 ulla
838 1057 900 1115 tibi
929 1057 962 1114 in
989 1058 1056 1113 otio
1080 1069 1167 1117 esset

184 1178 286 1231 aetas,
312 1181 426 1239 preces
451 1159 497 1242 (b)
521 1160 658 1218 forsitan
679 1157 894 1217 distulissent.
918 1155 1085 1234 Quidquid
1114 1157 1166 1213 in-

184 1275 321 1323 tenaces
343 1267 486 1324 ornando
522 1264 673 1341 iungeris.
696 1265 858 1331 Acmen,
881 1282 937 1321 ore
959 1281 1074 1340 rogans
1097 1276 1168 1321 tota

185 1366 395 1424 consumitur.
431 1362 495 1420 Ubi
518 1361 570 1418 illi
596 1360 640 1441 (c)
665 1379 740 1421 sunt
761 1366 818 1440 qui
841 1367 962 1423 dudum
985 1363 1167 1422 Germaniae

186 1465 337 1523 civitates
361 1463 533 1522 obsidione
535 1499 1167 1524 .....................

229 1710 238 1728 .
261 1709 270 1726 .
291 1709 299 1726 .
324 1713 332 1728 .
355 1665 439 1726 XXI.
460 1668 504 1726 Ab
528 1681 602 1725 ortu
624 1668 659 1725 in
681 1668 796 1725 oceani
821 1669 905 1725 ostia
928 1668 1070 1743 riparum
1084 1679 1166 1718 mar·

186 1769 275 1847 gines
297 1786 432 1845 operum
455 1785 574 1826 corona
597 1767 746 1846 praetexit
773 1765 832 1848 (a).
861 1767 940 1841 Quis
965 1766 1077 1823 credat
1105 1762 1166 1818 hoc

186 1886 316 1948 quoqne
350 1887 420 1927 esee
454 1881 621 1936 curatum,
642 1886 684 1924 ne
706 1867 855 1945 portibus
880 1862 1062 1942 indigeret?
1086 1860 1168 1918 Nam

185 1987 249 2046 que
271 1969 361 2046 regio
383 1967 585 2028 Nemetensis
609 1970 818 2034 extenditur,
841 1985 1005 2023 recessum
1026 1963 1169 2020 fluminis

185 2087 355 2162 murorum«
369 2068 508 2126 ambitus
530 2068 725 2135 vindicavit,
747 2086 848 2146 parvo
873 2067 964 2125 aditu
996 2086 1058 2123 nec
1088 2066 1168 2121 satis

185 2166 321 2237 libero,
354 2182 391 2224 ut
421 2170 573 2226 stationis
610 2168 713 2243 exitus
746 2167 1002 2248 propugnaculis
1030 2167 1171 2242 desuper

188 2257 386 2346 protegatur.
404 2267 533 2346 Habent
555 2288 612 2326 sua
635 2272 870 2346 quodammodo
888 2247 1171 2334 caetrn'rostrasae,

187 2379 220 2423 et
252 2368 336 2425 intro
355 2366 418 2448 (d)
451 2369 607 2430 conclave
641 2370 747 2428 Rheni
770 2371 860 2450 regia
883 2368 995 2427 classis
1017 2381 1170 2426 armatur.

184 2468 288 2528 Fallit
321 2473 447 2532 eminus
480 2474 638 2532 intuentis
660 2474 835 2531 ‘theatrum
863 2469 910 2552 (e)
939 2483 1169 2548 consaeptum,

186 2573 339 2648 quicum
366 2573 501 2633 videant
520 2594 579 2652 per
601 2592 723 2634 summa
746 2573 798 2655 (f)
823 2572 983 2639 discurri,
1016 2591 1075 2651 per
1105 2571 1173 2626 ima

186 2672 337 2732 nesciunt
356 2673 512 2750 navigari.

227 2768 329 2830 XXII.
352 2770 575 2849 supererant,
599 2771 762 2851 Auguste,
783 2773 879 2851 plura
901 2791 973 2850 quae
1001 2772 1169 2854 diceretur

88 2921 91 2926 .
186 2871 244 2928 sed
267 2873 354 2930 inter
375 2885 424 2932 tot
447 2876 623 2950 scriptores
647 2891 753 2930 rerum
776 2885 924 2940 tuarum,
947 2868 1025 2928 uolo
1050 2871 1169 2929 ceteris

212 3013 418 3064 (utricularium,
439 3023 498 3066 quarn
518 3015 567 3052 tlibi
582 3015 688 3052 viderimus
701 3012 805 3059 indegena·-
831 3013 856 3056 (b)
869 3013 1003 3064 θυώματα.
1021 3013 1045 3060 (e)
1058 3012 1104 3050 (led.
1123 3008 1168 3048 tttt«.

189 3084 216 3131 (lt
228 3087 258 3122 Its
270 3085 316 3122 eod·
334 3085 380 3124 iutro
393 3099 428 3135 pro
440 3087 494 3123 tum.
507 3087 531 3128 (e)
544 3083 590 3120 ced.
603 3084 682 3122 mewa.
695 3077 728 3134 (f)
741 3080 788 3117 cod.
799 3091 892 3117 aarum.

216 3209 254 3261 (1)
270 3204 455 3267 Burgundiones
472 3207 535 3257 (sen
552 3201 725 3264 Burgundios)
750 3197 932 3244 Valentinianus
950 3198 1064 3245 excitavit
1076 3199 1101 3242 iu
1119 3197 1175 3242 str-

183 3301 283 3332 rnunnos
300 3287 463 3335 Rornanorum
480 3289 561 3334 hostes
579 3295 719 3346 perpetuos,
746 3283 868 3340 spondens
886 3299 911 3329 ss
929 3282 979 3328 illis
1002 3281 1091 3328 auxilio
1109 3282 1174 3327 sutu-

185 3385 247 3415 rum.
264 3373 295 3415 Bt
310 3372 494 3434 Burgundiones
513 3371 610 3434 quidem
620 3367 668 3413 lide
678 3366 758 3415 hahita
768 3369 845 3414 fndus
855 3384 909 3415 cum
919 3367 1030 3414 Romanis
1048 3365 1174 3425 inierunt,

183 3455 226 3499 sed
242 3454 423 3500 Valentinianus
441 3457 516 3515 pactis
535 3473 586 3501 non
603 3456 676 3502 stetit.
696 3457 770 3500 dmm.
790 3468 873 3500 xxvrts.
892 3456 914 3500 5.

214 3545 254 3598 (a)
271 3561 283 3583 ι
302 3542 483 3588 Valentinianus
503 3545 603 3605 (inquit
618 3543 750 3590 Ammianus
768 3557 852 3588 xxvnt.
864 3550 906 3600 a.)
919 3544 1029 3588 Rhenum
1045 3556 1140 3587 omnem
1157 3557 1172 3587 ι

181 3644 196 3667 a
216 3625 343 3671 Raetiarum
360 3627 460 3676 exordio
478 3627 585 3690 adusque
603 3628 712 3673 nentem
730 3644 844 3674 oceanum
860 3628 951 3692 magnis
972 3627 1076 3672 molibus
1102 3639 1174 3670 eom-

183 3727 197 3751 »
218 3709 363 3766 muniebat,
390 3721 468 3756 castra
494 3712 612 3757 extollens
639 3712 710 3757 altius
737 3723 760 3759 et
786 3713 884 3760 castella
910 3727 957 3772 ptr
984 3712 1075 3758 habiles
1103 3711 1174 3755 locos

183 3814 198 3839 s·
218 3806 242 3840 et
260 3809 428 3856 opportunos,
450 3812 496 3857 qua
518 3798 650 3844 Galliarum
668 3802 804 3848 extenditur
822 3803 964 3864 longitudos
991 3813 1174 3860 nonnumquam

184 3903 197 3922 n
216 3883 287 3930 etism
303 3886 367 3931 ultra
384 3885 473 3930 flumen
489 3885 592 3932 aedificiis
611 3888 697 3947 positis
715 3891 845 3935 subradens
861 3887 977 3934 barbaros
994 3885 1098 3944 fineen-⁴¹
