2714 4410
221 297 258 358 16
451 310 574 357 strues
597 310 631 354 m
653 275 924 359 vieruriuiluvu

195 436 379 501 meatibus,
402 451 468 490 non
491 433 625 490 obiectu
647 434 829 502 montium,
862 455 926 490 non
960 432 1110 491 itinerum
1135 455 1189 496 er-

195 562 267 602 rore
290 538 483 597 tardabitur.
520 537 634 594 Omnia
665 538 835 594 adversum
865 537 1018 597 barbaros
1049 550 1187 614 petent,

194 662 266 719 quse
290 652 364 696 eunt
384 641 509 697 munita
531 655 590 714 pro
615 635 720 693 nobis.
752 633 821 692 Scit
842 636 987 694 bicornis
1009 638 1071 704 iste
1097 639 1180 697 vici-

193 761 253 800 nus
276 743 542 800 succunbendum
566 737 613 818 (a)
638 757 708 796 esse
731 742 899 806 rostratis,
923 759 964 796 ne
989 742 1018 798 ei
1042 761 1179 799 necesse

194 844 238 901 sit
260 845 345 902 viem
367 845 516 921 praebere
542 843 698 921 vestigiis.
721 841 782 899 Cui
805 840 965 918 possibile
989 856 1040 898 est
1061 845 1185 905 fluento

194 958 366 1025 contegere
391 943 464 1023 (b),
489 945 584 1004 ludus
609 959 658 1002 est
679 947 842 1025 navigare.
869 943 937 1001 Nec
961 947 1067 1003 arduis
1092 948 1184 1008 loco-

192 1065 265 1102 rum
289 1045 441 1103 obicibus
476 1045 684 1123 impedimur.
711 1044 816 1103 Testis
840 1057 890 1102 est
910 1045 980 1102 hoec
1015 1048 1087 1124 ipse
1110 1052 1184 1128 ripa

193 1147 377 1214 barbariae,
412 1147 464 1204 oui
499 1147 638 1204 altitudo
672 1164 788 1204 nomen
824 1145 971 1224 inposuit
1004 1144 1075 1225 (1),
1109 1146 1183 1205 imis

194 1267 318 1307 summe
342 1252 501 1316 cessisse,
536 1251 760 1304 ascendentem
794 1247 905 1325 fugere
928 1263 1031 1322 nuper
1058 1247 1184 1304 exerci-

194 1363 284 1418 tum,
309 1355 365 1427 qui
389 1368 558 1409 occurrere
582 1369 641 1424 per
663 1346 968 1427 plana'potueruut.
994 1351 1034 1408 Et
1055 1364 1090 1409 tn
1107 1355 1182 1430 qui-

120 1458 125 1466 ·
195 1452 267 1504 dem
290 1449 379 1504 bello
403 1451 535 1506 vincere
557 1444 745 1516 maluissem
779 1451 835 1504 sed
860 1449 1034 1526 gloriosius
1056 1453 1189 1511 factum

195 1561 266 1615 est,
289 1564 326 1604 ut
347 1548 438 1606 ferox
460 1548 548 1604 notio
577 1548 703 1606 videret
730 1547 921 1605 Alamannia
949 1591 1180 1610 ........

235 1651 289 1710 IV.
318 1651 384 1710 Nec
409 1652 725 1730 op...civitatibus
760 1652 961 1711 obsidentur.
994 1651 1110 1710 Verum
1132 1661 1182 1709 est

195 1732 282 1828 quod
307 1771 392 1829 saepe
415 1773 508 1811 ιι...
531 1753 657 1810 credidi
681 1753 782 1809 otium
807 1751 963 1811 locis...
987 1752 1101 1810 baberi

197 1852 325 1928 qualem
363 1867 394 1910 te
424 1891 433 1922 ‚
481 1855 644 1933 inhospita
677 1855 765 1934 regio
794 1893 804 1922 ,
845 1873 951 1934 nuper
985 1857 1179 1913 invenimus.

151 2037 153 2041 Ι
194 1955 325 2036 Ignaros
358 1959 528 2018 vetustatis
562 1957 748 2037 erb(ores).
777 2001 784 2015 .
817 1960 922 2038 regeis
957 1956 1001 2036 (c)
1027 1957 1179 2015 domibus

196 2061 352 2119 teneretis
385 2062 477 2120 herb.
603 2106 610 2122 .
633 2063 817 2119 indecoram
850 2062 971 2137 probes
995 2100 1003 2118 .
1027 2104 1034 2118 .
1058 2104 1066 2120 .
1089 2103 1097 2119 .
1119 2063 1185 2120 tibi

196 2164 357 2247 exprobro
391 2167 476 2239 quod
512 2164 599 2221 victa
623 2182 656 2220 es
679 2177 748 2221 tum
771 2202 780 2218 .
802 2200 837 2218 ..
862 2164 945 2220 ciis.
970 2205 977 2221 .
1000 2174 1085 2220 mtus
1109 2165 1185 2241 pin-

194 2265 277 2342 geris
300 2265 429 2322 felicior
451 2263 593 2342 Principi
611 2285 690 2327 ,meo
714 2305 722 2322 .
748 2308 754 2324 .
778 2278 836 2323 unt
858 2284 955 2342 quem
977 2280 1179 2346 repetunt..

196 2362 268 2420 hoec
292 2382 362 2440 quae
384 2385 495 2449 ...er
517 2368 685 2433 adiunxit,
711 2365 918 2423 conferantur
940 2366 989 2424 int
1010 2409 1066 2424 ...
1091 2379 1185 2444 petet

193 2463 276 2522 illuc
300 2511 308 2526 .
330 2507 339 2524 .
363 2480 462 2526 ,ncet
483 2469 553 2527 baec
578 2470 712 2528 defense
734 2489 806 2546 quse
831 2482 924 2548 cepta
948 2483 1032 2530 sunt.
1056 2472 1178 2531 Audite

196 2590 269 2646 quae
292 2590 367 2631 vera
392 2574 469 2629 eds.
493 2616 501 2632 .
525 2615 532 2631 .
559 2585 647 2652 gestu
669 2573 802 2632 nescitis
831 2585 968 2651 sponte.
997 2617 1004 2631 .
1030 2577 1127 2633 tende
1150 2588 1186 2633 et

198 2689 302 2730 novos
338 2690 452 2730 censer
474 2713 483 2730 .
506 2713 515 2732 .
538 2715 545 2729 .
567 2673 618 2728 nis
651 2675 714 2730 ad.
737 2709 746 2728 .
770 2713 778 2730 .
801 2673 895 2730 eredo
919 2713 927 2730 .
952 2714 958 2727 .
985 2715 991 2729 .
1017 2692 1087 2750 quae
1110 2716 1117 2730 .
1143 2716 1184 2732 ..

196 2770 358 2846 graviorass
383 2770 520 2849 Superat
553 2789 678 2828 omnem
704 2768 800 2828 fidem
835 2770 1100 2853 (prope)modum
1125 2774 1184 2850 qui

198 2883 310 2927 contro
333 2871 518 2930 huiusmodi
542 2881 674 2950 praestat
696 2870 843 2928 officium.
869 2869 1049 2949 Opulchra
1073 2874 1184 2931 admo-

196 2973 272 3029 dum
296 2991 414 3052 pomps
437 2971 595 3032 sortunael
631 2970 775 3029 Servitus
798 2972 915 3028 misera
948 2974 1085 3049 quodam
1110 3014 1118 3030 .
1141 3015 1149 3031 .
1174 3014 1182 3029 .

194 3080 321 3138 ruebat.
358 3078 592 3157 Prospexerant
626 3077 709 3133 sorte
742 3072 892 3141 finitimi,
925 3093 965 3131 ne
999 3078 1085 3152 quod
1116 3075 1183 3133 sibi

223 3277 251 3320 (a)
262 3280 290 3313 Ite
298 3276 345 3312 ced.
357 3288 400 3313 cum
408 3289 420 3312 u
427 3290 464 3325 pro
472 3290 495 3313 m.
517 3277 543 3322 (b)
552 3277 599 3313 cod.
612 3285 724 3324 contengere.
737 3279 761 3320 (r)
770 3279 798 3312 lte
808 3276 854 3312 (lod.
866 3288 902 3322 pre
912 3277 965 3322 regiis
971 3277 1002 3313 vel
1014 3289 1072 3322 reges.

222 3441 259 3491 (1)
276 3438 383 3495 Alteripe
402 3439 518 3496 oppidum
529 3442 654 3486 Nemetum
672 3452 697 3487 et
714 3442 850 3499 presidium
861 3443 890 3486 ad
904 3445 1013 3488 Rhenum
1024 3461 1102 3503 prope
1114 3443 1184 3506 Nigri

191 3529 251 3579 (seu
268 3520 355 3573 Nisei)
374 3519 603 3568 confluentemlloe
620 3525 645 3569 in
665 3525 774 3583 oppido,
793 3541 856 3570 anuo
875 3537 940 3572 certe
959 3538 1013 3572 ante
1030 3530 1094 3573 hnno
1110 3544 1183 3588 pane·

190 3613 299 3680 gyricum
315 3608 450 3667 recitatum,
468 3614 606 3656 versabatur
623 3613 818 3658 Valentinianus:
832 3630 861 3659 ex
880 3631 908 3659 eo
928 3614 990 3657 enim
1010 3615 1089 3659 emisit
1106 3616 1184 3675 legem

190 3714 214 3758 4.
232 3698 268 3742 tit.
289 3697 329 3740 31.
348 3693 391 3738 lib.
408 3709 440 3738 xi.
463 3697 522 3740 θοὰ.
539 3700 646 3757 theod,
663 3701 702 3745 eui
720 3702 768 3765 legi
787 3703 820 3747 itu
842 3700 1004 3758 subscriptum
1033 3709 1089 3751 Dat.
1111 3707 1182 3748 1119.

191 3779 245 3829 Kal.
259 3777 302 3823 lul.
321 3772 441 3837 Altarip'a,
462 3777 617 3825 Valentiniano
634 3782 719 3828 Nobili
734 3790 807 3830 Puero
825 3796 849 3829 et
868 3787 955 3831 Victore
973 3790 1046 3831 Contr-
