<?xml version="1.0" encoding="UTF-8"?>
<!DOCTYPE html PUBLIC "-//W3C//DTD XHTML 1.0 Transitional//EN"
    "http://www.w3.org/TR/xhtml1/DTD/xhtml1-transitional.dtd">
<html xmlns="http://www.w3.org/1999/xhtml" xml:lang="en" lang="en">
 <head>
  <title>
</title>
<meta http-equiv="Content-Type" content="text/html;charset=utf-8" />
  <meta name='ocr-system' content='tesseract 3.04.00' />
  <meta name='ocr-capabilities' content='ocr_page ocr_carea ocr_par ocr_line ocrx_word'/>
</head>
<body>
  <div class='ocr_page' id='page_1' title='image "./qaureliisymmach00symmgoog_0022.png"; bbox 0 0 2714 4410; ppageno 0'>
   <div class='ocr_carea' id='block_1_1' title="bbox 241 304 804 352">
    <p class='ocr_par' dir='ltr' id='par_1_1' title="bbox 241 304 804 352">
     <span class='ocr_line' id='line_1_1' title="bbox 241 304 804 352; baseline -0.005 0"><span class='ocrx_word' id='word_1_1' title='bbox 241 308 266 352; x_wconf 75' lang='lat' dir='ltr'>X</span> <span class='ocrx_word' id='word_1_2' title='bbox 559 304 804 352; x_wconf 69' lang='lat' dir='ltr'><strong>nuruum-s</strong></span> 
     </span>
    </p>
   </div>
   <div class='ocr_carea' id='block_1_2' title="bbox 125 425 1226 3707">
    <p class='ocr_par' dir='ltr' id='par_1_2' title="bbox 125 425 1167 1072">
     <span class='ocr_line' id='line_1_2' title="bbox 125 425 1165 527; baseline -0.003 -28"><span class='ocrx_word' id='word_1_3' title='bbox 125 473 129 480; x_wconf 91' lang='lat'><em>·</em></span> <span class='ocrx_word' id='word_1_4' title='bbox 194 429 387 527; x_wconf 89' lang='lat' dir='ltr'><strong>egreditur.</strong></span> <span class='ocrx_word' id='word_1_5' title='bbox 422 427 526 494; x_wconf 84' lang='lat' dir='ltr'><strong>Paeue</strong></span> <span class='ocrx_word' id='word_1_6' title='bbox 562 445 680 497; x_wconf 90' lang='lat' dir='ltr'><strong>autem</strong></span> <span class='ocrx_word' id='word_1_7' title='bbox 714 425 930 496; x_wconf 85' lang='lat' dir='ltr'>incredibile</span> <span class='ocrx_word' id='word_1_8' title='bbox 965 443 1020 495; x_wconf 89' lang='lat' dir='ltr'><strong>est</strong></span> <span class='ocrx_word' id='word_1_9' title='bbox 1056 450 1165 520; x_wconf 89' lang='lat' dir='ltr'><strong>quam</strong></span> 
     </span>
     <span class='ocr_line' id='line_1_3' title="bbox 192 530 1164 635; baseline -0.006 -22"><span class='ocrx_word' id='word_1_10' title='bbox 192 546 305 635; x_wconf 89' lang='lat' dir='ltr'><strong>tropis</strong></span> <span class='ocrx_word' id='word_1_11' title='bbox 328 540 474 608; x_wconf 78' lang='lat' dir='ltr'><strong>eseber</strong></span> <span class='ocrx_word' id='word_1_12' title='bbox 514 541 561 608; x_wconf 90' lang='lat' dir='ltr'><strong>sit</strong></span> <span class='ocrx_word' id='word_1_13' title='bbox 601 560 637 609; x_wconf 90' lang='lat' dir='ltr'><strong>et</strong></span> <span class='ocrx_word' id='word_1_14' title='bbox 672 540 860 609; x_wconf 89' lang='lat' dir='ltr'><strong>distinctus</strong></span> <span class='ocrx_word' id='word_1_15' title='bbox 910 530 1164 627; x_wconf 84' lang='lat' dir='ltr'><strong>Symmachus:</strong></span> 
     </span>
     <span class='ocr_line' id='line_1_4' title="bbox 192 648 1165 741; baseline -0.005 -21"><span class='ocrx_word' id='word_1_16' title='bbox 192 652 511 731; x_wconf 61' lang='lat' dir='ltr'><strong>exclamationem,</strong></span> <span class='ocrx_word' id='word_1_17' title='bbox 536 649 791 741; x_wconf 80' lang='lat' dir='ltr'><strong>apostrophem</strong></span> <span class='ocrx_word' id='word_1_18' title='bbox 808 699 818 731; x_wconf 80' lang='lat'>,</span> <span class='ocrx_word' id='word_1_19' title='bbox 852 648 1165 739; x_wconf 74' lang='lat' dir='ltr'><strong>contrapositum,</strong></span> 
     </span>
     <span class='ocr_line' id='line_1_5' title="bbox 190 747 1167 852; baseline -0.002 -27"><span class='ocrx_word' id='word_1_20' title='bbox 190 747 468 852; x_wconf 87' lang='lat' dir='ltr'><strong>prosopopeiam</strong></span> <span class='ocrx_word' id='word_1_21' title='bbox 494 759 676 850; x_wconf 80' lang='lat' dir='ltr'>aptissime</span> <span class='ocrx_word' id='word_1_22' title='bbox 702 775 859 849; x_wconf 83' lang='lat' dir='ltr'><strong>usurpat.</strong></span> <span class='ocrx_word' id='word_1_23' title='bbox 885 757 951 825; x_wconf 87' lang='lat' dir='ltr'><strong>Sed</strong></span> <span class='ocrx_word' id='word_1_24' title='bbox 967 761 1005 825; x_wconf 88' lang='lat' dir='ltr'><strong>in</strong></span> <span class='ocrx_word' id='word_1_25' title='bbox 1030 781 1074 824; x_wconf 92' lang='lat' dir='ltr'><strong>eo</strong></span> <span class='ocrx_word' id='word_1_26' title='bbox 1100 749 1167 824; x_wconf 86' lang='lat' dir='ltr'><strong>no-</strong></span> 
     </span>
     <span class='ocr_line' id='line_1_6' title="bbox 192 867 1165 935; baseline -0.001 -2"><span class='ocrx_word' id='word_1_27' title='bbox 192 867 321 934; x_wconf 91' lang='lat' dir='ltr'><strong>bilium</strong></span> <span class='ocrx_word' id='word_1_28' title='bbox 355 867 615 935; x_wconf 89' lang='lat' dir='ltr'><strong>sententiarum</strong></span> <span class='ocrx_word' id='word_1_29' title='bbox 651 883 859 933; x_wconf 90' lang='lat' dir='ltr'><strong>ornamenta</strong></span> <span class='ocrx_word' id='word_1_30' title='bbox 895 867 1029 932; x_wconf 89' lang='lat' dir='ltr'><strong>maiora</strong></span> <span class='ocrx_word' id='word_1_31' title='bbox 1062 883 1165 932; x_wconf 87' lang='lat' dir='ltr'><strong>suut:</strong></span> 
     </span>
     <span class='ocr_line' id='line_1_7' title="bbox 191 977 1166 1072; baseline 0.004 -27"><span class='ocrx_word' id='word_1_32' title='bbox 191 998 231 1045; x_wconf 92' lang='lat' dir='ltr'><strong>ut</strong></span> <span class='ocrx_word' id='word_1_33' title='bbox 254 978 299 1045; x_wconf 89' lang='lat' dir='ltr'><strong>de</strong></span> <span class='ocrx_word' id='word_1_34' title='bbox 325 977 535 1069; x_wconf 77' lang='lat' dir='ltr'>Symmacho</span> <span class='ocrx_word' id='word_1_35' title='bbox 559 978 650 1045; x_wconf 89' lang='lat' dir='ltr'><strong>illud</strong></span> <span class='ocrx_word' id='word_1_36' title='bbox 674 981 751 1046; x_wconf 86' lang='lat' dir='ltr'><strong>iure</strong></span> <span class='ocrx_word' id='word_1_37' title='bbox 778 981 1037 1072; x_wconf 73' lang='lat' dir='ltr'><strong>pronunciem‚</strong></span> <span class='ocrx_word' id='word_1_38' title='bbox 1063 1004 1166 1071; x_wconf 81' lang='lat' dir='ltr'><strong>qnam</strong></span> 
     </span>
    </p>

    <p class='ocr_par' dir='ltr' id='par_1_3' title="bbox 165 1090 1166 1406">
     <span class='ocr_line' id='line_1_8' title="bbox 165 1090 1166 1182; baseline 0 -24"><span class='ocrx_word' id='word_1_39' title='bbox 165 1091 327 1159; x_wconf 77' lang='lat' dir='ltr'><strong>multa!</strong></span> <span class='ocrx_word' id='word_1_40' title='bbox 350 1117 451 1182; x_wconf 81' lang='lat' dir='ltr'><strong>quum</strong></span> <span class='ocrx_word' id='word_1_41' title='bbox 474 1090 625 1181; x_wconf 79' lang='lat' dir='ltr'><strong>paucis!</strong></span> <span class='ocrx_word' id='word_1_42' title='bbox 658 1093 742 1158; x_wconf 78' lang='lat' dir='ltr'><strong>&#39;l&#39;am</strong></span> <span class='ocrx_word' id='word_1_43' title='bbox 772 1111 883 1160; x_wconf 82' lang='lat' dir='ltr'><strong>aeutoe</strong></span> <span class='ocrx_word' id='word_1_44' title='bbox 908 1092 1049 1159; x_wconf 87' lang='lat' dir='ltr'><strong>scilicet</strong></span> <span class='ocrx_word' id='word_1_45' title='bbox 1081 1107 1166 1158; x_wconf 85' lang='lat' dir='ltr'><strong>sunt</strong></span> 
     </span>
     <span class='ocr_line' id='line_1_9' title="bbox 189 1198 1165 1296; baseline -0.001 -29"><span class='ocrx_word' id='word_1_46' title='bbox 189 1203 266 1268; x_wconf 89' lang='lat' dir='ltr'><strong>eius</strong></span> <span class='ocrx_word' id='word_1_47' title='bbox 291 1200 496 1278; x_wconf 76' lang='lat' dir='ltr'><strong>sententiae,</strong></span> <span class='ocrx_word' id='word_1_48' title='bbox 523 1217 593 1265; x_wconf 89' lang='lat' dir='ltr'><strong>tam</strong></span> <span class='ocrx_word' id='word_1_49' title='bbox 614 1199 749 1282; x_wconf 72' lang='lat' dir='ltr'><strong>densae,</strong></span> <span class='ocrx_word' id='word_1_50' title='bbox 775 1218 846 1268; x_wconf 91' lang='lat' dir='ltr'><strong>tam</strong></span> <span class='ocrx_word' id='word_1_51' title='bbox 871 1224 1016 1296; x_wconf 76' lang='lat' dir='ltr'><strong>graves,</strong></span> <span class='ocrx_word' id='word_1_52' title='bbox 1043 1217 1079 1266; x_wconf 90' lang='lat' dir='ltr'><strong>et</strong></span> <span class='ocrx_word' id='word_1_53' title='bbox 1103 1198 1165 1267; x_wconf 88' lang='lat' dir='ltr'><strong>vel</strong></span> 
     </span>
     <span class='ocr_line' id='line_1_10' title="bbox 188 1311 1165 1406; baseline -0.005 -26"><span class='ocrx_word' id='word_1_54' title='bbox 188 1313 401 1380; x_wconf 80' lang='lat' dir='ltr'><strong>inventione</strong></span> <span class='ocrx_word' id='word_1_55' title='bbox 428 1313 572 1402; x_wconf 70' lang='lat' dir='ltr'><strong>prima,</strong></span> <span class='ocrx_word' id='word_1_56' title='bbox 598 1311 657 1377; x_wconf 88' lang='lat' dir='ltr'><strong>vel</strong></span> <span class='ocrx_word' id='word_1_57' title='bbox 681 1334 815 1406; x_wconf 83' lang='lat' dir='ltr'><strong>genere</strong></span> <span class='ocrx_word' id='word_1_58' title='bbox 847 1312 924 1403; x_wconf 87' lang='lat' dir='ltr'><strong>ipso</strong></span> <span class='ocrx_word' id='word_1_59' title='bbox 951 1311 1165 1406; x_wconf 80' lang='lat' dir='ltr'><strong>singulares.</strong></span> 
     </span>
    </p>

    <p class='ocr_par' dir='ltr' id='par_1_4' title="bbox 170 1418 1226 3707">
     <span class='ocr_line' id='line_1_11' title="bbox 170 1418 1168 1515; baseline -0.006 -25"><span class='ocrx_word' id='word_1_60' title='bbox 170 1423 232 1497; x_wconf 70' lang='lat' dir='ltr'><strong>,In</strong></span> <span class='ocrx_word' id='word_1_61' title='bbox 261 1418 509 1515; x_wconf 81' lang='lat' dir='ltr'><strong>augustalibus</strong></span> <span class='ocrx_word' id='word_1_62' title='bbox 547 1419 659 1514; x_wconf 86' lang='lat' dir='ltr'><strong>igitur</strong></span> <span class='ocrx_word' id='word_1_63' title='bbox 695 1418 918 1494; x_wconf 82' lang='lat' dir='ltr'><strong>orationihus</strong></span> <span class='ocrx_word' id='word_1_64' title='bbox 956 1418 1168 1511; x_wconf 65' lang='lat' dir='ltr'><strong>eloquentiis</strong></span> 
     </span>
     <span class='ocr_line' id='line_1_12' title="bbox 187 1529 1167 1626; baseline -0.008 -24"><span class='ocrx_word' id='word_1_65' title='bbox 187 1535 302 1602; x_wconf 88' lang='lat' dir='ltr'><strong>utitur</strong></span> <span class='ocrx_word' id='word_1_66' title='bbox 326 1529 554 1623; x_wconf 82' lang='lat' dir='ltr'><strong>Symmachus</strong></span> <span class='ocrx_word' id='word_1_67' title='bbox 580 1553 803 1626; x_wconf 85' lang='lat' dir='ltr'><strong>panegyreos</strong></span> <span class='ocrx_word' id='word_1_68' title='bbox 826 1548 862 1599; x_wconf 90' lang='lat' dir='ltr'><strong>et</strong></span> <span class='ocrx_word' id='word_1_69' title='bbox 886 1553 1024 1623; x_wconf 72' lang='lat' dir='ltr'><strong>pompae</strong></span> <span class='ocrx_word' id='word_1_70' title='bbox 1050 1549 1086 1598; x_wconf 86' lang='lat' dir='ltr'><strong>et</strong></span> <span class='ocrx_word' id='word_1_71' title='bbox 1108 1532 1167 1615; x_wconf 85' lang='lat' dir='ltr'><strong>in-</strong></span> 
     </span>
     <span class='ocr_line' id='line_1_13' title="bbox 189 1635 1166 1739; baseline -0.006 -29"><span class='ocrx_word' id='word_1_72' title='bbox 189 1645 283 1739; x_wconf 84' lang='lat' dir='ltr'><strong>signi</strong></span> <span class='ocrx_word' id='word_1_73' title='bbox 307 1642 463 1734; x_wconf 93' lang='lat' dir='ltr'><strong>quodam</strong></span> <span class='ocrx_word' id='word_1_74' title='bbox 490 1658 619 1707; x_wconf 86' lang='lat' dir='ltr'><strong>ornatu</strong></span> <span class='ocrx_word' id='word_1_75' title='bbox 653 1639 756 1730; x_wconf 84' lang='lat' dir='ltr'><strong>quasi</strong></span> <span class='ocrx_word' id='word_1_76' title='bbox 791 1662 1021 1734; x_wconf 86' lang='lat' dir='ltr'><strong>gemmarum.</strong></span> <span class='ocrx_word' id='word_1_77' title='bbox 1059 1635 1166 1723; x_wconf 82' lang='lat' dir='ltr'><strong>Quod</strong></span> 
     </span>
     <span class='ocr_line' id='line_1_14' title="bbox 188 1752 1163 1845; baseline -0.002 -24"><span class='ocrx_word' id='word_1_78' title='bbox 188 1777 226 1822; x_wconf 89' lang='lat' dir='ltr'><strong>se</strong></span> <span class='ocrx_word' id='word_1_79' title='bbox 251 1752 409 1820; x_wconf 88' lang='lat' dir='ltr'><strong>studiose</strong></span> <span class='ocrx_word' id='word_1_80' title='bbox 434 1771 469 1820; x_wconf 90' lang='lat' dir='ltr'><strong>et</strong></span> <span class='ocrx_word' id='word_1_81' title='bbox 492 1753 576 1842; x_wconf 85' lang='lat' dir='ltr'><strong>data</strong></span> <span class='ocrx_word' id='word_1_82' title='bbox 600 1775 710 1844; x_wconf 85' lang='lat' dir='ltr'><strong>opera</strong></span> <span class='ocrx_word' id='word_1_83' title='bbox 746 1753 866 1820; x_wconf 87' lang='lat' dir='ltr'><strong>facere</strong></span> <span class='ocrx_word' id='word_1_84' title='bbox 901 1754 978 1845; x_wconf 89' lang='lat' dir='ltr'><strong>ipse</strong></span> <span class='ocrx_word' id='word_1_85' title='bbox 1003 1755 1163 1842; x_wconf 83' lang='lat' dir='ltr'><strong>Symma-</strong></span> 
     </span>
     <span class='ocr_line' id='line_1_15' title="bbox 189 1863 1165 1957; baseline -0.003 -25"><span class='ocrx_word' id='word_1_86' title='bbox 189 1864 278 1933; x_wconf 80' lang='lat' dir='ltr'><strong>chus</strong></span> <span class='ocrx_word' id='word_1_87' title='bbox 303 1864 405 1932; x_wconf 88' lang='lat' dir='ltr'><strong>testis</strong></span> <span class='ocrx_word' id='word_1_88' title='bbox 430 1883 483 1932; x_wconf 91' lang='lat' dir='ltr'><strong>est</strong></span> <span class='ocrx_word' id='word_1_89' title='bbox 513 1864 552 1931; x_wconf 90' lang='lat' dir='ltr'><strong>in</strong></span> <span class='ocrx_word' id='word_1_90' title='bbox 581 1863 735 1957; x_wconf 86' lang='lat' dir='ltr'><strong>quadam</strong></span> <span class='ocrx_word' id='word_1_91' title='bbox 764 1864 924 1956; x_wconf 84' lang='lat' dir='ltr'><strong>Epistola</strong></span> <span class='ocrx_word' id='word_1_92' title='bbox 942 1870 1001 1947; x_wconf 58' lang='grc' dir='ltr'><strong>(ί),</strong></span> <span class='ocrx_word' id='word_1_93' title='bbox 1029 1864 1066 1930; x_wconf 90' lang='lat' dir='ltr'><strong>in</strong></span> <span class='ocrx_word' id='word_1_94' title='bbox 1093 1885 1165 1954; x_wconf 88' lang='lat' dir='ltr'><strong>qua</strong></span> 
     </span>
     <span class='ocr_line' id='line_1_16' title="bbox 187 1971 1163 2066; baseline -0.004 -26"><span class='ocrx_word' id='word_1_95' title='bbox 187 1997 298 2066; x_wconf 90' lang='lat' dir='ltr'><strong>quum</strong></span> <span class='ocrx_word' id='word_1_96' title='bbox 322 1971 500 2040; x_wconf 69' lang='lat' dir='ltr'><strong>dixisset:</strong></span> <span class='ocrx_word' id='word_1_97' title='bbox 527 1990 567 2040; x_wconf 89' lang='lat' dir='ltr'><strong>ut</strong></span> <span class='ocrx_word' id='word_1_98' title='bbox 591 1972 735 2040; x_wconf 83' lang='lat' dir='ltr'><strong>Domini</strong></span> <span class='ocrx_word' id='word_1_99' title='bbox 768 1971 876 2039; x_wconf 84' lang='lat' dir='ltr'><strong>nostri</strong></span> <span class='ocrx_word' id='word_1_100' title='bbox 902 1971 1067 2038; x_wconf 76' lang='lat' dir='ltr'><strong>Gratiani</strong></span> <span class='ocrx_word' id='word_1_101' title='bbox 1084 1973 1163 2059; x_wconf 86' lang='lat' dir='ltr'><strong>for-</strong></span> 
     </span>
     <span class='ocr_line' id='line_1_17' title="bbox 187 2078 1185 2173; baseline -0.007 -23"><span class='ocrx_word' id='word_1_102' title='bbox 187 2082 319 2150; x_wconf 83' lang='lat' dir='ltr'><strong>tissima</strong></span> <span class='ocrx_word' id='word_1_103' title='bbox 342 2082 446 2149; x_wconf 84' lang='lat' dir='ltr'><strong>simul</strong></span> <span class='ocrx_word' id='word_1_104' title='bbox 469 2107 510 2150; x_wconf 83' lang='lat' dir='ltr'><strong>ue</strong></span> <span class='ocrx_word' id='word_1_105' title='bbox 525 2080 732 2173; x_wconf 82' lang='lat' dir='ltr'><strong>felicissima</strong></span> <span class='ocrx_word' id='word_1_106' title='bbox 756 2104 859 2147; x_wconf 82' lang='lat' dir='ltr'><strong>manu</strong></span> <span class='ocrx_word' id='word_1_107' title='bbox 886 2078 1054 2146; x_wconf 86' lang='lat' dir='ltr'><strong>nutantia</strong></span> <span class='ocrx_word' id='word_1_108' title='bbox 1080 2079 1185 2173; x_wconf 44' lang='lat' dir='ltr'><strong>reip„</strong></span> 
     </span>
     <span class='ocr_line' id='line_1_18' title="bbox 179 2186 1168 2282; baseline -0.006 -23"><span class='ocrx_word' id='word_1_109' title='bbox 179 2194 342 2282; x_wconf 83' lang='lat' dir='ltr'><strong>pondera</strong></span> <span class='ocrx_word' id='word_1_110' title='bbox 355 2191 572 2281; x_wconf 71' lang='lat' dir='ltr'><strong>fulciuntur5</strong></span> <span class='ocrx_word' id='word_1_111' title='bbox 606 2187 682 2255; x_wconf 84' lang='lat' dir='ltr'><strong>haec</strong></span> <span class='ocrx_word' id='word_1_112' title='bbox 720 2186 838 2254; x_wconf 86' lang='lat' dir='ltr'><strong>addit:</strong></span> <span class='ocrx_word' id='word_1_113' title='bbox 878 2186 1002 2257; x_wconf 81' lang='lat' dir='ltr'><strong>Videor</strong></span> <span class='ocrx_word' id='word_1_114' title='bbox 1030 2211 1075 2254; x_wconf 84' lang='lat' dir='ltr'><strong>ne</strong></span> <span class='ocrx_word' id='word_1_115' title='bbox 1101 2187 1168 2255; x_wconf 85' lang='lat' dir='ltr'><strong>tibi</strong></span> 
     </span>
     <span class='ocr_line' id='line_1_19' title="bbox 185 2293 1168 2398; baseline -0.003 -33"><span class='ocrx_word' id='word_1_116' title='bbox 185 2293 525 2398; x_wconf 68' lang='grc' dir='ltr'><strong>πωνηγυρικότερον</strong></span> <span class='ocrx_word' id='word_1_117' title='bbox 549 2293 709 2363; x_wconf 83' lang='lat' dir='ltr'><strong>locutus?</strong></span> <span class='ocrx_word' id='word_1_118' title='bbox 732 2295 779 2362; x_wconf 84' lang='lat' dir='ltr'><strong>sic</strong></span> <span class='ocrx_word' id='word_1_119' title='bbox 803 2319 839 2361; x_wconf 87' lang='lat' dir='ltr'><strong>se</strong></span> <span class='ocrx_word' id='word_1_120' title='bbox 863 2297 971 2363; x_wconf 73' lang='lat' dir='ltr'><strong>laudet</strong></span> <span class='ocrx_word' id='word_1_121' title='bbox 992 2295 1081 2362; x_wconf 81' lang='lat' dir='ltr'><strong>ratio</strong></span> <span class='ocrx_word' id='word_1_122' title='bbox 1093 2345 1104 2380; x_wconf 89' lang='lat'><strong><em>,</em></strong></span> <span class='ocrx_word' id='word_1_123' title='bbox 1129 2313 1168 2362; x_wconf 86' lang='lat' dir='ltr'><strong>ut</strong></span> 
     </span>
     <span class='ocr_line' id='line_1_20' title="bbox 186 2404 1165 2498; baseline 0.001 -28"><span class='ocrx_word' id='word_1_124' title='bbox 186 2429 239 2473; x_wconf 85' lang='lat' dir='ltr'><strong>res</strong></span> <span class='ocrx_word' id='word_1_125' title='bbox 263 2408 424 2474; x_wconf 81' lang='lat' dir='ltr'><strong>maximoe</strong></span> <span class='ocrx_word' id='word_1_126' title='bbox 447 2430 590 2498; x_wconf 76' lang='lat' dir='ltr'><strong>magnos</strong></span> <span class='ocrx_word' id='word_1_127' title='bbox 614 2404 822 2471; x_wconf 76' lang='lat' dir='ltr'><strong>hiatusoris</strong></span> <span class='ocrx_word' id='word_1_128' title='bbox 846 2404 1034 2494; x_wconf 79' lang='lat' dir='ltr'><strong>requirant.</strong></span> <span class='ocrx_word' id='word_1_129' title='bbox 1061 2405 1165 2473; x_wconf 88' lang='lat' dir='ltr'><strong>Cete-</strong></span> 
     </span>
     <span class='ocr_line' id='line_1_21' title="bbox 184 2514 1164 2613; baseline 0.001 -30"><span class='ocrx_word' id='word_1_130' title='bbox 184 2540 264 2583; x_wconf 88' lang='lat' dir='ltr'><strong>rum</strong></span> <span class='ocrx_word' id='word_1_131' title='bbox 289 2517 328 2583; x_wconf 88' lang='lat' dir='ltr'><strong>in</strong></span> <span class='ocrx_word' id='word_1_132' title='bbox 353 2517 433 2584; x_wconf 88' lang='lat' dir='ltr'><strong>aliis</strong></span> <span class='ocrx_word' id='word_1_133' title='bbox 459 2515 677 2613; x_wconf 87' lang='lat' dir='ltr'><strong>argumentis</strong></span> <span class='ocrx_word' id='word_1_134' title='bbox 712 2514 762 2581; x_wconf 92' lang='lat' dir='ltr'><strong>ita</strong></span> <span class='ocrx_word' id='word_1_135' title='bbox 791 2517 941 2612; x_wconf 87' lang='lat' dir='ltr'><strong>ingenio</strong></span> <span class='ocrx_word' id='word_1_136' title='bbox 979 2517 1164 2596; x_wconf 84' lang='lat' dir='ltr'><strong>exsultan-</strong></span> 
     </span>
     <span class='ocr_line' id='line_1_22' title="bbox 184 2622 1164 2718; baseline -0.001 -25"><span class='ocrx_word' id='word_1_137' title='bbox 184 2627 316 2718; x_wconf 84' lang='lat' dir='ltr'><strong>tiaeque</strong></span> <span class='ocrx_word' id='word_1_138' title='bbox 332 2624 479 2691; x_wconf 87' lang='lat' dir='ltr'><strong>dicendi</strong></span> <span class='ocrx_word' id='word_1_139' title='bbox 500 2624 706 2690; x_wconf 88' lang='lat' dir='ltr'><strong>moderatur</strong></span> <span class='ocrx_word' id='word_1_140' title='bbox 724 2622 971 2714; x_wconf 74' lang='lat' dir='ltr'><strong>Symmachus,</strong></span> <span class='ocrx_word' id='word_1_141' title='bbox 990 2640 1029 2701; x_wconf 82' lang='lat' dir='ltr'><strong>ut</strong></span> <span class='ocrx_word' id='word_1_142' title='bbox 1044 2647 1164 2692; x_wconf 86' lang='lat' dir='ltr'><strong>rerum</strong></span> 
     </span>
     <span class='ocr_line' id='line_1_23' title="bbox 184 2729 1161 2822; baseline 0.003 -26"><span class='ocrx_word' id='word_1_143' title='bbox 184 2751 221 2797; x_wconf 90' lang='lat' dir='ltr'><strong>et</strong></span> <span class='ocrx_word' id='word_1_144' title='bbox 256 2737 492 2822; x_wconf 82' lang='lat' dir='ltr'><strong>&#39;personarum</strong></span> <span class='ocrx_word' id='word_1_145' title='bbox 532 2729 726 2822; x_wconf 88' lang='lat' dir='ltr'><strong>dignitates</strong></span> <span class='ocrx_word' id='word_1_146' title='bbox 765 2733 896 2800; x_wconf 89' lang='lat' dir='ltr'><strong>ferunt.</strong></span> <span class='ocrx_word' id='word_1_147' title='bbox 930 2733 1024 2799; x_wconf 85' lang='lat' dir='ltr'><strong>¹Cum</strong></span> <span class='ocrx_word' id='word_1_148' title='bbox 1065 2732 1161 2799; x_wconf 88' lang='lat' dir='ltr'><strong>enim</strong></span> 
     </span>
     <span class='ocr_line' id='line_1_24' title="bbox 178 2830 1226 2931; baseline 0.004 -27"><span class='ocrx_word' id='word_1_149' title='bbox 178 2838 360 2910; x_wconf 73' lang='lat' dir='ltr'><strong>,leviorum</strong></span> <span class='ocrx_word' id='word_1_150' title='bbox 398 2837 641 2931; x_wconf 69' lang='lat' dir='ltr'><strong>negotiorum¹</strong></span> <span class='ocrx_word' id='word_1_151' title='bbox 663 2840 905 2907; x_wconf 88' lang='lat' dir='ltr'><strong>oratiunculas</strong></span> <span class='ocrx_word' id='word_1_152' title='bbox 942 2830 1092 2924; x_wconf 71' lang='lat' dir='ltr'><strong>scribit,</strong></span> <span class='ocrx_word' id='word_1_153' title='bbox 1123 2863 1161 2908; x_wconf 87' lang='lat' dir='ltr'><strong>se</strong></span> <span class='ocrx_word' id='word_1_154' title='bbox 1223 2863 1226 2867; x_wconf 84' lang='lat'>·</span> 
     </span>
     <span class='ocr_line' id='line_1_25' title="bbox 183 2948 1161 3045; baseline -0.001 -25"><span class='ocrx_word' id='word_1_155' title='bbox 183 2953 262 3045; x_wconf 90' lang='lat' dir='ltr'><strong>ipse</strong></span> <span class='ocrx_word' id='word_1_156' title='bbox 281 2951 446 3018; x_wconf 85' lang='lat' dir='ltr'><strong>consulto</strong></span> <span class='ocrx_word' id='word_1_157' title='bbox 461 2948 506 3016; x_wconf 92' lang='lat' dir='ltr'><strong>ad</strong></span> <span class='ocrx_word' id='word_1_158' title='bbox 524 2950 695 3023; x_wconf 88' lang='lat' dir='ltr'><strong>humilem</strong></span> <span class='ocrx_word' id='word_1_159' title='bbox 723 2949 911 3044; x_wconf 90' lang='lat' dir='ltr'><strong>quemdam</strong></span> <span class='ocrx_word' id='word_1_160' title='bbox 929 2969 965 3017; x_wconf 91' lang='lat' dir='ltr'><strong>et</strong></span> <span class='ocrx_word' id='word_1_161' title='bbox 982 2955 1161 3019; x_wconf 88' lang='lat' dir='ltr'><strong>minutum</strong></span> 
     </span>
     <span class='ocr_line' id='line_1_26' title="bbox 184 3062 1162 3159; baseline 0.004 -29"><span class='ocrx_word' id='word_1_162' title='bbox 184 3065 304 3131; x_wconf 91' lang='lat' dir='ltr'><strong>stilum</strong></span> <span class='ocrx_word' id='word_1_163' title='bbox 330 3062 496 3130; x_wconf 86' lang='lat' dir='ltr'><strong>demittit.</strong></span> <span class='ocrx_word' id='word_1_164' title='bbox 513 3063 563 3130; x_wconf 85' lang='lat' dir='ltr'><strong>Ex</strong></span> <span class='ocrx_word' id='word_1_165' title='bbox 581 3087 653 3155; x_wconf 93' lang='lat' dir='ltr'><strong>quo</strong></span> <span class='ocrx_word' id='word_1_166' title='bbox 670 3065 776 3132; x_wconf 85' lang='lat' dir='ltr'><strong>facile</strong></span> <span class='ocrx_word' id='word_1_167' title='bbox 796 3065 986 3146; x_wconf 73' lang='lat' dir='ltr'><strong>coniicias,</strong></span> <span class='ocrx_word' id='word_1_168' title='bbox 1012 3069 1162 3159; x_wconf 88' lang='lat' dir='ltr'><strong>siquan-</strong></span> 
     </span>
     <span class='ocr_line' id='line_1_27' title="bbox 182 3172 1162 3263; baseline 0 -23"><span class='ocrx_word' id='word_1_169' title='bbox 182 3173 228 3240; x_wconf 95' lang='lat' dir='ltr'><strong>do</strong></span> <span class='ocrx_word' id='word_1_170' title='bbox 255 3173 425 3241; x_wconf 89' lang='lat' dir='ltr'><strong>audacius</strong></span> <span class='ocrx_word' id='word_1_171' title='bbox 461 3172 740 3263; x_wconf 78' lang='lat' dir='ltr'><strong>Symmachiauae</strong></span> <span class='ocrx_word' id='word_1_172' title='bbox 775 3172 990 3262; x_wconf 84' lang='lat' dir='ltr'><strong>eloquentiae</strong></span> <span class='ocrx_word' id='word_1_173' title='bbox 1019 3173 1162 3240; x_wconf 84' lang='lat' dir='ltr'><strong>flamma</strong></span> 
     </span>
     <span class='ocr_line' id='line_1_28' title="bbox 182 3283 1161 3377; baseline -0.002 -23"><span class='ocrx_word' id='word_1_174' title='bbox 182 3288 362 3377; x_wconf 68' lang='lat' dir='ltr'><strong>erumpit,</strong></span> <span class='ocrx_word' id='word_1_175' title='bbox 389 3285 427 3351; x_wconf 91' lang='lat' dir='ltr'><strong>id</strong></span> <span class='ocrx_word' id='word_1_176' title='bbox 443 3308 569 3377; x_wconf 50' lang='lat' dir='ltr'><strong>¹neque</strong></span> <span class='ocrx_word' id='word_1_177' title='bbox 599 3286 728 3352; x_wconf 90' lang='lat' dir='ltr'><strong>vitiosa</strong></span> <span class='ocrx_word' id='word_1_178' title='bbox 760 3283 931 3365; x_wconf 75' lang='lat' dir='ltr'><strong>licentia,</strong></span> <span class='ocrx_word' id='word_1_179' title='bbox 959 3309 1077 3377; x_wconf 90' lang='lat' dir='ltr'><strong>neque</strong></span> <span class='ocrx_word' id='word_1_180' title='bbox 1103 3287 1161 3352; x_wconf 91' lang='lat' dir='ltr'><strong>in·</strong></span> 
     </span>
     <span class='ocr_line' id='line_1_29' title="bbox 182 3394 1160 3486; baseline -0.001 -22"><span class='ocrx_word' id='word_1_181' title='bbox 182 3420 269 3464; x_wconf 86' lang='lat' dir='ltr'><strong>sano</strong></span> <span class='ocrx_word' id='word_1_182' title='bbox 294 3397 437 3463; x_wconf 87' lang='lat' dir='ltr'><strong>fervore</strong></span> <span class='ocrx_word' id='word_1_183' title='bbox 463 3395 564 3463; x_wconf 86' lang='lat' dir='ltr'><strong>fieri:</strong></span> <span class='ocrx_word' id='word_1_184' title='bbox 594 3394 889 3486; x_wconf 89' lang='lat' dir='ltr'><strong>quandoquidem</strong></span> <span class='ocrx_word' id='word_1_185' title='bbox 925 3419 996 3462; x_wconf 89' lang='lat' dir='ltr'><strong>nou</strong></span> <span class='ocrx_word' id='word_1_186' title='bbox 1021 3402 1160 3484; x_wconf 60' lang='lat' dir='ltr'><strong>impruz·</strong></span> 
     </span>
     <span class='ocr_line' id='line_1_30' title="bbox 181 3500 1158 3598; baseline -0.001 -28"><span class='ocrx_word' id='word_1_187' title='bbox 181 3504 310 3572; x_wconf 89' lang='lat' dir='ltr'><strong>denter</strong></span> <span class='ocrx_word' id='word_1_188' title='bbox 332 3511 446 3573; x_wconf 89' lang='lat' dir='ltr'><strong>utitur</strong></span> <span class='ocrx_word' id='word_1_189' title='bbox 475 3503 704 3593; x_wconf 85' lang='lat' dir='ltr'><strong>Symmachus</strong></span> <span class='ocrx_word' id='word_1_190' title='bbox 741 3502 810 3570; x_wconf 90' lang='lat' dir='ltr'><strong>hoc</strong></span> <span class='ocrx_word' id='word_1_191' title='bbox 848 3525 982 3598; x_wconf 84' lang='lat' dir='ltr'><strong>genere</strong></span> <span class='ocrx_word' id='word_1_192' title='bbox 1007 3500 1158 3569; x_wconf 86' lang='lat' dir='ltr'><strong>sublimi</strong></span> 
     </span>
     <span class='ocr_line' id='line_1_31' title="bbox 183 3612 947 3707; baseline -0.005 -24"><span class='ocrx_word' id='word_1_193' title='bbox 183 3633 220 3683; x_wconf 90' lang='lat' dir='ltr'><strong>et</strong></span> <span class='ocrx_word' id='word_1_194' title='bbox 244 3634 394 3696; x_wconf 77' lang='lat' dir='ltr'><strong>ornato,</strong></span> <span class='ocrx_word' id='word_1_195' title='bbox 420 3638 538 3707; x_wconf 90' lang='lat' dir='ltr'><strong>neque</strong></span> <span class='ocrx_word' id='word_1_196' title='bbox 563 3618 601 3681; x_wconf 91' lang='lat' dir='ltr'><strong>in</strong></span> <span class='ocrx_word' id='word_1_197' title='bbox 627 3612 793 3681; x_wconf 90' lang='lat' dir='ltr'><strong>omnibus</strong></span> <span class='ocrx_word' id='word_1_198' title='bbox 819 3619 947 3682; x_wconf 84' lang='lat' dir='ltr'><strong>causis.</strong></span> 
     </span>
    </p>
   </div>
   <div class='ocr_carea' id='block_1_3' title="bbox 184 3793 1163 3959">
    <p class='ocr_par' dir='ltr' id='par_1_5' title="bbox 184 3793 1163 3959">
     <span class='ocr_line' id='line_1_32' title="bbox 184 3793 1163 3822; baseline -0.005 0"><span class='ocrx_word' id='word_1_199' title='bbox 184 3793 1163 3822; x_wconf 56' lang='grc' dir='ltr'><strong>μ--Ἥ--η--ιι</strong></span> 
     </span>
     <span class='ocr_line' id='line_1_33' title="bbox 192 3881 435 3959; baseline 0 -31"><span class='ocrx_word' id='word_1_200' title='bbox 192 3883 248 3959; x_wconf 33' lang='lat' dir='ltr'><strong>‘lxi</strong></span> <span class='ocrx_word' id='word_1_201' title='bbox 265 3881 317 3928; x_wconf 83' lang='lat' dir='ltr'><strong>Lib.</strong></span> <span class='ocrx_word' id='word_1_202' title='bbox 336 3883 375 3928; x_wconf 85' lang='lat'>111.</span> <span class='ocrx_word' id='word_1_203' title='bbox 393 3897 435 3944; x_wconf 76' lang='lat'><strong>47.</strong></span> 
     </span>
    </p>
   </div>
   <div class='ocr_carea' id='block_1_4' title="bbox 0 0 1362 4410">
    <p class='ocr_par' dir='ltr' id='par_1_6' title="bbox 0 0 1362 4410">
     <span class='ocr_line' id='line_1_34' title="bbox 0 0 1362 4410; baseline 0 2"><span class='ocrx_word' id='word_1_204' title='bbox 0 0 1362 4410; x_wconf 95' lang='lat' dir='ltr'><strong> </strong></span> 
     </span>
    </p>
   </div>
  </div>
 </body>
</html>
