2714 4410
220 235 261 293 6ο
1159 294 1163 299 .

269 357 331 463 ·Q·
360 306 608 437 Arnum
644 354 969 445 avunclum
999 344 1101 446 ·vnss

396 515 573 575 ORATIO
602 516 690 576 PRO
720 518 972 584 TRYGETIO

244 714 251 730 .
274 712 283 730 .
306 710 314 726 .
338 713 346 729 .
368 667 394 728 Ι.
408 671 564 730 Desiderio
587 683 685 732 uestro
712 691 783 728 cum
798 673 966 743 absumus,
982 677 1173 735 testimonie

202 786 274 830 cum
297 773 454 832 venimus.
478 772 546 831 Nec
567 773 774 832 formidemus
807 775 979 832 invidiumr
1009 783 1110 836 sensit
1140 791 1176 836 et

204 884 337 950 experts
362 888 411 932 est
437 874 515 953 quid
543 873 673 932 Parsuti
703 891 771 931 meu
802 875 969 932 adversata
1003 879 1175 954 profuerit.

198 975 348 1035 Cesserat
370 979 500 1055 quidem
523 992 637 1056 sponte
654 978 710 1038 ille
734 998 790 1056 per
805 980 1031 1037 verecundiam
1054 999 1202 1056 pauco·-

198 1092 269 1134 rum
291 1075 464 1135 facilitati:
497 1091 595 1155 utque
623 1079 737 1137 melior
764 1081 803 1136 ud
829 1097 884 1137 tos
908 1079 1051 1144 rediret,
1081 1098 1178 1138 euru.

201 1172 273 1240 tum
296 1199 415 1240 vacuus
438 1185 576 1239 animum
605 1180 723 1241 litteris
751 1182 921 1240 excolebat
944 1180 1002 1261 (ι).
1024 1181 1086 1238 Sed
1109 1181 1174 1239 hoc

204 1278 290 1340 Ordo
319 1282 540 1359 amplissimus.
563 1284 619 1337 diu
649 1300 711 1340 non
742 1282 827 1339 tulit.
850 1281 984 1349 Statim,
1014 1282 1105 1358 quasi
1135 1299 1175 1340 ex

202 1381 299 1460 longo
323 1397 358 1437 ut
378 1385 482 1437 redire
506 1378 608 1434 vellet
630 1378 753 1437 orastie.
781 1383 940 1449 iussistis,
963 1384 1060 1439 malui
1084 1385 1174 1440 dice·

198 1502 255 1550 ret
279 1501 348 1538 nem
373 1479 508 1539 Senatus
533 1499 602 1537 cum
627 1486 711 1558 petit
740 1485 986 1551 vehementius,
1010 1484 1172 1561 praecipit.

197 1581 309 1640 Parum
326 1579 387 1638 noc
404 1579 624 1638 deferentibus
644 1583 744 1639 visum
761 1597 825 1640 estc
842 1586 1031 1660 adlegantur
1046 1585 1083 1637 ad
1101 1594 1174 1635 eum

200 1700 273 1738 cum
291 1681 401 1757 primis
418 1678 542 1735 nobiles
559 1680 639 1747 viri,
651 1683 830 1739 administri
856 1700 888 1741 et
908 1681 1098 1741 internuntii
1115 1697 1175 1756 pu-

200 1780 300 1839 blicae
315 1777 508 1836 uoluntatis.
524 1779 648 1858 Qnuntt
672 1781 742 1839 lraec
768 1768 921 1839 desiderii
940 1783 1037 1838 vestri
1055 1796 1176 1856 pompa

201 1863 350 1955 est‚'‹,·uae
371 1877 561 1936 heneficium
579 1898 668 1934 suum
685 1897 776 1953 paene
795 1882 951 1936 ambitum
968 1879 1038 1956 vult
1054 1876 1174 1933 videril

200 1982 320 2049 Credo,
334 1984 402 2038 haec
415 1995 521 2038 vestra
534 1983 645 2057 opinio
663 1994 747 2048 erat,
759 1994 795 2036 ut
806 2000 863 2056 per
873 1982 1001 2036 fetiales
1019 1983 1175 2056 quodum-

198 2085 295 2141 modo
310 2095 487 2141 vocaretur:
497 2083 645 2138 verbenae
658 2091 778 2137 tentum
792 2093 823 2135 et
836 2080 976 2155 sagmina
990 2079 1174 2138 defuerunt.

198 2180 328 2238 Certum
346 2194 394 2236 est
409 2181 539 2255 quidem
553 2180 632 2237 ·P·C·
650 2192 682 2235 et
698 2178 917 2236 inexcusabile
936 2182 1020 2256 quod
1035 2181 1174 2249 iubetis,

197 2282 251 2336 sed
275 2278 331 2335 ille
355 2298 400 2335 stc
423 2281 546 2335 uccitut
570 2293 619 2336 est
636 2319 646 2346 ‚
666 2293 825 2354 tamquam
849 2292 960 2355 posset
982 2297 1109 2357 negare.

238 2382 280 2441 11.
303 2384 351 2441 Ad
368 2397 398 2439 te
415 2387 530 2450 etiem,
555 2383 752 2446 venerabilis
782 2378 962 2459 Imperator
984 2378 1052 2461 (a),
1069 2381 1178 2439 laudis

200 2484 294 2543 istius
323 2501 446 2540 summa
474 2483 643 2540 referenda
671 2497 727 2538 est.
761 2481 791 2538 Is
822 2483 905 2538 enim
938 2480 1181 2558 rempublicam

224 2640 262 2689 (1)
278 2636 375 2679 Causam
392 2650 435 2678 cur
453 2636 603 2690 Symmachus
621 2645 690 2693 pater
708 2633 832 2681 secesserit
850 2636 878 2678 ab
896 2636 961 2678 Urbe
979 2626 1177 2680 uurratAmmiu·

191 2735 235 2763 nus
253 2732 326 2762 xxvrr.
347 2721 367 2762 3.
386 2739 398 2756 ι»
413 2719 563 2776 Symmachus
576 2718 714 2774 Aproniano
727 2724 783 2768 (reu
794 2718 873 2776 poclm
895 2713 1014 2759 Volusiano
1054 2722 1079 2761 V.
1108 2719 1175 2762 coni·

191 2821 205 2842 2
225 2777 277 2844 nurrl
295 2802 322 2845 de
339 2804 407 2864 Proef.
429 2803 469 2846 Urd
489 2800 643 2855 inaccessit(
656 2802 680 2845 t'n
692 2800 829 2860 praefectura
848 2799 935 2843 urbana
948 2809 959 2854 )
974 2800 1038 2844 iuter
1055 2809 1179 2860 praecipue

183 2896 202 2924 'a
221 2887 379 2930 uumiuuudus
397 2886 505 2943 exemplu
523 2883 686 2928 doctrinarum
703 2891 773 2942 etque
783 2881 920 2938 modestiae,
939 2897 987 2941 quo
997 2883 1101 2927 iustaute
1114 2886 1179 2929 Urbs

187 2983 201 3008 s
221 2970 375 3014 secretissima
393 2973 442 3015 oric
461 2967 584 3028 copiisque
603 2965 761 3011 abuudantius
778 2963 849 3008 solitu
867 2963 999 3008 fruebatur.
1021 2965 1176 3024 Consumptis

190 3073 204 3095 υ
224 3056 317 3116 aliquot
335 3057 402 3103 aunis
421 3058 517 3100 domum
535 3056 585 3099 eius
603 3054 629 3097 in
647 3049 816 3097 transtiberino
836 3058 912 3092 tractu
935 3049 1120 3106 pulcherrimum
1140 3051 1180 3095 iu·

187 3159 201 3182 ²
221 3144 354 3187 cenderunt
371 3150 380 3197 (
390 3143 475 3204 iugruti
490 3144 553 3187 cives
568 3147 577 3197 )
590 3158 616 3186 ea
631 3157 657 3186 re
674 3141 775 3200 perciti,
794 3139 858 3199 quod
877 3137 931 3182 v‘rhs
950 3140 1044 3196 quidum
1063 3140 1176 3197 plebeius

187 3242 201 3265 u
220 3224 343 3274 infixerat,
362 3225 431 3269 illum
449 3226 554 3284 dixisse,
572 3226 622 3270 siue
639 3225 719 3269 iudice
732 3224 784 3268 ullo
802 3223 841 3266 vel
859 3231 937 3273 teste,
958 3223 1070 3267 libentius
1082 3223 1179 3268 sevino

191 3324 205 3346 ι·
226 3309 327 3365 proprio
347 3310 458 3353 calcarias
477 3309 665 3364 exstincturum,
683 3323 752 3368 quam
769 3307 795 3349 id
807 3308 958 3352 venditurum
968 3307 1069 3366 pretiis,
1087 3307 1178 3365 quibus

189 3406 203 3431 a»
225 3391 363 3446 sperabatur
382 3408 406 3430 ν.
424 3391 498 3434 Porro
513 3393 674 3448 Symmachum
699 3403 791 3448 putrem
809 3391 891 3449 siquid
910 3394 931 3436 ei
949 3402 999 3436 erat
1018 3390 1075 3447 etii,
1096 3392 1122 3434 id
1140 3391 1179 3435 lit·

188 3476 246 3520 teris
274 3476 439 3534 impendisse,
477 3494 574 3535 prorsus
602 3488 694 3525 constat
721 3494 750 3523 ex
778 3480 882 3524 ciusdem
910 3479 1019 3536 Epistola
1045 3479 1075 3521 ad
1099 3475 1176 3521 filium

190 3559 281 3618 (Epist.
300 3561 384 3616 Symm.
404 3562 457 3606 Lib·
474 3563 494 3605 1.
513 3575 535 3606 2.
548 3565 565 3622 ).

219 3648 256 3699 (2)
275 3644 384 3706 lutellige
400 3646 594 3691 Valentinianum
609 3646 748 3702 Sertiurem,
766 3649 808 3691 sub
826 3662 876 3709 que
891 3644 991 3689 videtur
1009 3653 1063 3688 netu
1076 3643 1173 3692 occatio

186 3728 256 3775 leuius
273 3730 393 3778 Orationis
411 3731 526 3778 dicende.
