2714 4410
481 315 645 364 ssuroasn
666 317 838 364 evcvsrvn
860 304 885 361 Ι·
1135 329 1153 389 9

192 443 364 512 vindicat,
398 455 432 501 et
452 443 593 503 molibus
615 445 763 503 Lucrinis
787 459 933 524 sumptus
954 444 1096 507 'laborat
1119 451 1180 508 im-

160 598 167 607 .
189 550 272 624 perii
291 545 350 629 (t.)
367 545 516 606 Tiberius
531 549 565 605 in
582 550 776 606 devorsoriis
793 545 970 605 insularum
992 547 1042 627 (2)
1065 563 1176 610 natans

194 665 228 708 et
250 655 403 732 navigans
436 654 593 710 adoratur.
618 650 694 709 Pius
726 654 792 710 otia
824 651 989 707 Caietana'
1010 656 1179 730 persequi-

189 765 243 811 tur
266 750 325 832 (3).
348 754 384 812 In
415 755 514 835 Lycio
540 752 587 834 (a)
613 767 645 811 et
664 756 838 812 Academia
865 755 1030 812 remissior
1047 749 1195 830 'Marcus‘

132 837 135 843 ⁴
190 861 322 918 auditur
344 857 400 939 (4)
425 860 500 918 Tibi
524 858 623 917 nullae
649 873 722 915 sunt
744 858 837 915 feriae
858 855 1072 933 proeliorum:
1106 876 1181 916 ma-

190 962 339 1038 ximeque
361 964 425 1022 hoc
449 962 481 1020 in
499 961 615 1021 Galliis
640 960 800 1038 delegisti,
824 960 911 1036 quod
935 954 1078 1018 hicnon
1100 959 1182 1019 licet

188 1058 293 1118 otiari.
327 1061 404 1120 Tibi
439 1060 531 1119 nulla
562 1057 743 1119 'necessitas
766 1059 904 1115 remittit
929 1061 1081 1118 indutias.
1115 1061 1180 1118 Lu·

188 1175 289 1221 strum
312 1163 535 1241 imperialium
558 1164 670 1220 condis
706 1180 860 1218 annorum
884 1159 930 1239 (5)
956 1162 1014 1218 ubi
1038 1160 1118 1220 cselo
1141 1177 1175 1220 et

189 1266 285 1320 terris
318 1262 436 1320 horror
463 1260 607 1338 'aequalis
641 1273 711 1329 est,
745 1261 803 1317 sub
840 1279 944 1317 crasse
967 1262 1075 1328 nube,
1108 1263 1178 1340 iugi

188 1361 333 1439 frigore,
365 1361 469 1418 feroci
504 1361 619 1428 hoste,
658 1346 814 1418 latissima
838 1363 1005 1420 vastitate.
1028 1361 1178 1434 Quietem

188 1461 251 1518 tibi
275 1481 393 1541 negas,
427 1480 523 1538 quam
560 1464 676 1520 ceteris
708 1478 852 1541 praestas.
886 1461 975 1520 Inter
1009 1463 1179 1523 tot'milia

187 1558 366 1619 laurearum
388 1565 530 1622 nondum
556 1562 732 1639 digrederis
756 1564 796 1619 ad
820 1562 1010 1620 triumfum:
1045 1577 1077 1620 et
1101 1583 1175 1622 cum

188 1665 232 1721 sis
255 1667 357 1723 maior
378 1644 531 1745 Angustia
556 1665 708 1747 delegisti
732 1666 796 1725 tibi
819 1666 1021 1746 provinciam
1045 1671 1085 1726 de
1111 1689 1174 1747 qua

145 1758 147 1764 ’
189 1762 329 1822 Caesares
353 1767 583 1843 querebantur.

196 1886 200 1891 ·
230 1865 267 1924 X.
292 1866 332 1924 Et
365 1881 399 1925 tu
433 1870 564 1947 quidem
597 1869 721 1928 bellico
757 1871 898 1928 intentus
931 1872 1023 1947 operi
1053 1873 1175 1928 dudum

185 1956 304 2023 semeis
326 1965 524 2023 Alamanniae
547 1978 636 2043 terga
659 1968 823 2025 vertebas.
846 1966 909 2024 Sed
924 1981 1014 2045 parte
1031 1969 1095 2026 alis
1111 1971 1176 2026 fra-

188 2066 272 2122 terni
296 2064 427 2140 imperii
461 2061 600 2119 liberam
633 2080 747 2138 pacem
779 2062 915 2119 rebellis
938 2064 1019 2121 Exul
1042 2066 1172 2144 inrupe-

187 2177 238 2224 rst
260 2160 318 2243 (6)
344 2162 435 2239 Quod
461 2182 533 2223 cum
556 2165 595 2219 ad
620 2176 650 2221 tc
674 2166 817 2240 primum
836 2165 988 2242 pernices
1011 2167 1117 2222 nuntii
1141 2178 1174 2223 et

189 2288 1167 2316 e--a———m—q*
1240 2298 1242 2302 -

212 2352 239 2394 ts)
251 2353 280 2386 Ite
292 2350 340 2386 ced.
358 2361 393 2397 pro
405 2353 467 2397 Lyceo
480 2350 540 2387 babet
552 2351 608 2396 Lyris
615 2377 621 2394 ,
634 2351 668 2396 utl-
677 2352 750 2393 (ielline
761 2358 801 2389 Π.
813 2352 830 2387 5.

214 2525 253 2576 (ι)
269 2522 386 2584 Augustus
405 2520 504 2580 (inquit
520 2519 648 2562 Suetonius
675 2518 732 2574 Gap.
754 2516 813 2571 16.)
840 2535 853 2556 s
874 2523 971 2574 portum
997 2517 1084 2562 lulium
1110 2518 1175 2575 apud

180 2625 195 2648 s
214 2605 298 2663 Baius,
317 2603 423 2649 immisso
440 2604 467 2648 in
484 2600 615 2646 Lucrinum
633 2608 657 2644 et
672 2598 795 2647 Avernum
813 2599 891 2643 lacum
908 2599 984 2657 mari,
1002 2596 1083 2644 effecit
1100 2618 1123 2642 a.

218 2695 256 2746 (a)
273 2691 366 2749 Nempe
384 2690 490 2748 Capreis.

218 2773 256 2829 (3)
269 2775 306 2819 l’ii
316 2774 487 2820 rusticationes
497 2780 613 2818 memorat
629 2788 680 2816 non
698 2773 769 2818 semel
779 2772 928 2832 Capitolinus
938 2772 965 2817 in
975 2773 1025 2818 eius
1036 2774 1093 2819 vin.
1104 2774 1168 2831 Quin

182 2867 206 2905 ei
222 2861 286 2906 inter
304 2862 354 2907 eius
373 2876 447 2920 opera
464 2857 657 2918 Csiete'portum
670 2869 781 2905 recenset
799 2877 824 2919 p.
839 2865 879 2905 28.
894 2861 923 2905 1).
936 2861 1000 2906 Edit.
1012 2863 1085 2909 Perit.
1097 2863 1172 2911 1603.

213 2952 251 3007 (4)
267 2948 393 3010 Singnlsre
410 2945 443 2992 Μ.
464 2945 558 2992 Aurelii
575 2946 765 3005 philosophandi
782 2946 887 2991 studium
912 2947 994 2992 notius
1019 2957 1073 3005 eet,
1101 2965 1174 3010 quem

182 3039 210 3076 nt
226 3033 375 3092 documentis
393 3033 511 3096 indigeat.

215 3115 253 3169 (5)
269 3116 306 3160 De
331 3117 409 3174 primo
434 3119 512 3163 lustro
540 3133 582 3163 seu
609 3118 833 3181 quinquennalibus
849 3118 1014 3166 Valentiniani
1030 3123 1113 3165 reeole
1131 3122 1173 3167 Ar-

184 3212 334 3264 gumentum.

218 3290 256 3348 (ὁ)
272 3290 404 3347 Procopius
431 3291 511 3350 Cilix,
536 3292 626 3338 Iuliani
652 3292 804 3350 imperatorie
826 3290 997 3351 propinquus,
1024 3302 1083 3349 post
1104 3289 1176 3339 huius

179 3375 228 3420 sete
246 3375 351 3434 primum
368 3374 500 3418 aloriano
527 3376 620 3432 sepiem
646 3375 786 3432 impetravit
808 3374 838 3416 sd
864 3388 918 3417 suos
946 3373 1006 3417 lares
1039 3375 1176 3420 secedendi.

179 3465 238 3509 Mox
256 3477 269 3504 ι
286 3459 458 3506 Valentiniano
476 3472 501 3508 et
529 3464 628 3508 Valente
654 3459 839 3519 imperatoribus
867 3458 1012 3518 exagitatus,
1043 3473 1121 3519 utque
1147 3459 1175 3504 in

178 3547 302 3592 Tauricam
320 3544 499 3591 Chersonesum
515 3548 570 3590 exul
587 3544 696 3606 profugit
712 3545 809 3598 (Zosim.
821 3546 873 3595 m).
884 3543 941 3586 Tum
959 3551 984 3586 et
1002 3543 1032 3587 de
1049 3541 1095 3588 lide
1107 3542 1175 3588 inco·

179 3630 258 3674 lesum
275 3628 326 3674 eine
344 3627 395 3673 loci
413 3628 572 3685 eddnbitenr,
590 3626 827 3685 Constantinopolim
844 3626 905 3670 clem
923 3625 1007 3684 venit,
1029 3628 1071 3671 ubi
1094 3626 1173 3670 reheb

179 3712 246 3758 lione
272 3709 374 3756 conllata
399 3711 570 3769 imperatorem
595 3725 619 3755 se
644 3708 705 3754 dixit
721 3725 786 3754 enno
803 3709 846 3753 Cb·
864 3724 960 3756 ccctxv.
977 3711 1025 3755 Sed
1043 3724 1107 3753 anno
1132 3724 1180 3757 een.

180 3803 268 3858 quente
285 3813 299 3840 e
315 3796 416 3857 Valente
434 3810 564 3856 oppressus
581 3811 663 3854 poenss
680 3797 779 3842 sceleris
796 3797 850 3842 luit.
