2714 4410
198 278 239 335 ³5
581 295 755 342 narnus

175 418 359 479 resonantia
381 416 511 477 dedre'ta
534 419 674 489 sancires
698 419 763 500 (1),
787 417 907 480 sensim
933 418 1159 482 intelleximus
1189 467 1192 470 «

175 523 216 579 ad
237 521 373 578 honesta
397 517 501 576 officia
522 519 707 579 facundiam
738 539 834 598 posse
869 540 1031 591 remeare,
1053 510 1160 600 quum

173 623 364 683 uidebamus
387 622 422 679 in
444 621 587 687 consule.

215 718 272 778 111.
295 719 353 778 His
376 724 417 781 ad
440 721 612 800 imperium
638 721 741 781 lectus
778 722 935 800 auspiciis
964 725 1158 802 praerogati-

171 838 249 880 vum
271 814 414 881 consulis
450 826 491 881 ad
520 825 659 882 uomitia
693 841 844 902 purpurae
878 816 1035 882 detulisti.
1062 822 1160 883 Errat

173 929 320 1005 quisquis
344 931 419 986 ideo
443 943 553 987 censet
576 942 712 988 aetatem.
746 926 806 985 Pro
836 925 967 984 senibus
996 944 1079 1004 puer
1105 929 1158 985 di·

173 1031 275 1087 micas
301 1027 372 1108 (a),
395 1049 454 1108 pro
477 1029 590 1088 liberis
614 1031 732 1089 nostris
757 1043 916 1104 aequaevus
940 1026 1082 1083 insudas.
1106 1025 1159 1086 Tu

172 1150 288 1212 nempe
321 1152 355 1190 es
380 1131 426 1215 (b)
452 1150 548 1212 quem
574 1151 667 1212 paene
695 1133 925 1210 intempestive
962 1126 1158 1206 putabamus

175 1233 333 1292 electum?
589 1294 591 1300 ,

175 1356 187 1375 ¹·
215 1335 268 1395 Ν.
292 1337 317 1392 0
341 1335 480 1393 militum
505 1338 632 1394 sincera
656 1337 819 1418 suffragia!
840 1337 908 1396 Scit
931 1334 1076 1394 iudicare
1099 1335 1156 1392 de-

171 1435 273 1490 votio.
296 1431 447 1489 Fortuuae
468 1432 613 1508 publices
636 1435 721 1500 suit,
751 1446 787 1490 ut
821 1439 877 1510 qui
911 1445 1065 1509 genuerat
1086 1432 1155 1513 (c),

170 1531 320 1608 parciora
342 1532 571 1608 promitteret,
595 1543 628 1587 et
651 1533 707 1607 qui
729 1533 868 1588 necdum
892 1546 1064 1598 noverant,
1081 1533 1156 1589 feli-

172 1636 241 1694 cius
263 1636 458 1692 iudicarent.
481 1633 560 1707 Quis
583 1651 734 1711 umquam
758 1637 798 1691 de
820 1631 929 1692 indole
956 1631 1052 1712 pueri
1080 1646 1154 1685 cum

164 1753 308 1820 '‘pareute
333 1740 565 1801 contenderet?
598 1755 631 1798 et
663 1753 771 1798 tamen
802 1739 924 1798 fiducia
950 1758 1016 1797 nou
1036 1752 1155 1816 peccat

173 1842 346 1915 exercitus.
369 1837 424 1898 sie
448 1838 571 1897 electus
596 1859 630 1899 es
653 1841 865 1917 reprobatus
891 1838 951 1920 (d).

214 1941 254 2002 V.
276 1941 356 2017 Quis
378 1943 459 2001 mihi
483 1940 642 2021 Zenxydis
666 1941 867 2022 coluriis-(e)
893 1945 975 2002 ceris
1002 1945 1158 2000 haereo·

88 2054 91 2065 '
170 2047 267 2107 mitia
290 2046 466 2125 spectanda
490 2040 668 2123 digereret?
683 2040 793 2119 Siquis
808 2042 987 2122 Appelleus
1009 2045 1159 2101 imitator

170 2147 256 2207 illud
282 2147 411 2206 caeleste
435 2146 593 2201 iudicium
616 2141 788 2202 verisimili
821 2142 953 2201 adfectu
984 2145 1062 2202 artis
1084 2146 1159 2202 aui-

171 2265 297 2326 maret,
319 2251 462 2309 viserent
475 2248 599 2326 posteri
621 2247 676 2303 vix
698 2248 860 2304 credenda
882 2246 1048 2306 miracula.
1069 2244 1158 2304 Hinc

170 2354 371 2433 Augustum,
394 2351 470 2409 inde
492 2346 659 2426 legiones,
683 2359 716 2402 et
739 2346 826 2403 iuter
847 2345 908 2402 hos
937 2348 1082 2404 medium
1103 2363 1159 2403 re-

171 2456 225 2533 gui
251 2453 454 2533 impuberem
483 2449 705 2507 Candidatum.
732 2449 858 2527 Anceps
892 2449 950 2506 diu
982 2452 1157 2528 utrumque

151 2543 360 2614 'sentement
384 2566 416 2612 et
439 2553 564 2611 cunctis
587 2551 690 2611 alacri
713 2552 818 2610 fronte
842 2550 1073 2631 plaudentibus
1097 2571 1158 2631 pe·

170 2669 253 2728 trem
275 2673 346 2712 sero
370 2655 538 2710 cedentem
567 2648 640 2729 (a)=
666 2663 785 2708 turmas
809 2650 1008 2728 supplices,
1033 2670 1153 2711 cuneos

1062 2765 1149 2782 ——t-

195 2812 221 2852 (a)
234 2809 282 2846 cod.
295 2800 397 2844 stanam?
408 2807 433 2850 (b)
446 2806 495 2842 noa.
507 2815 538 2842 est.
551 2808 576 2849 (e)
588 2806 635 2842 esd.
646 2814 734 2842 tenuerat.
744 2806 771 2848 (d)
783 2807 811 2841 las
822 2806 873 2854 lego,
881 2818 920 2842 non
932 2807 1073 2856 reprobarunt«)
1086 2806 1150 2845 Codex

170 2873 246 2910 videtur
259 2873 499 2910 tstsrecotorttm.1tust
511 2883 574 2908 ruteni
586 2870 637 2907 calor
650 2871 743 2908 adieetiri
755 2871 815 2908 iorni
827 2884 864 2919 prs
877 2871 972 2910 colorans.

197 3008 236 3068 (ι)
258 3007 366 3052 Gratiani
384 3007 507 3067 quamdam
525 3007 658 3051 orationem
687 3006 794 3051 celebrat
821 3007 973 3064 Symmaehus
999 3008 1156 3067 Epist-13,

161 3090 207 3136 lib.
228 3104 247 3134 1·
271 3091 318 3134 Sed
345 3106 372 3134 ea
390 3090 488 3150 quidem
514 3088 561 3134 luit
586 3090 687 3151 Augusti
708 3091 791 3135 saltem
817 3105 896 3148 nuper
922 3091 994 3135 electi
1021 3093 1156 3153 eademque

163 3179 259 3223 videtur
281 3179 311 3224 ds
329 3194 376 3238 qus
402 3178 428 3223 in
454 3175 530 3234 Epist.
557 3189 581 3218 a.
599 3175 642 3221 lib.
664 3189 702 3221 10.
725 3191 772 3236 quo
800 3185 908 3235 tempore
937 3176 1063 3220 Gratianus
1092 3176 1161 3235 patri

165 3262 213 3306 iam
237 3262 342 3307 extinctu
360 3261 491 3320 imperator
510 3267 663 3305 successerat.
676 3259 735 3303 Heio
756 3268 835 3304 autem
846 3260 927 3306 innuit
937 3261 1025 3306 Orator
1036 3260 1163 3319 Scriptum

163 3347 269 3393 Gratiani
287 3348 391 3405 primurn
408 3347 532 3406 consulis,
550 3363 636 3406 nempe
653 3347 761 3391 nondum
778 3349 884 3410 Augusti.

198 3440 232 3492 (α)
250 3436 341 3494 Nempe
357 3437 454 3480 videtur
471 3435 651 3480 Valentinianus
671 3415 741 3480 more
756 3435 918 3498 gratiosorum
944 3435 1066 3482 hominnm
1086 3433 1159 3481 Gra-

162 3522 224 3566 tiani
242 3522 312 3581 pueri
322 3522 460 3584 dignitatem
471 3533 566 3583 rogatus
585 3515 761 3581 comprobasse.
782 3523 811 3568 Id
823 3523 948 3569 confirmat
965 3525 1034 3570 etism
1045 3523 1157 3571 Zosimus

164 3621 196 3652 iv.
217 3606 259 3667 qni
281 3605 314 3650 nit
328 3606 521 3652 Valentinianum
540 3617 660 3651 exoratum
683 3622 695 3649 a
716 3606 859 3652 Proeeribue
873 3607 970 3652 tandem
997 3608 1159 3666 adsumpsisse

164 3693 310 3737 Gratianum.
328 3693 439 3738 Ceterum
456 3695 590 3740 Ammianus
608 3708 683 3738 xxvii.
703 3693 724 3739 6.
743 3694 818 3740 refert
835 3697 905 3740 immo
922 3695 1086 3741 Valentiniani
1104 3710 1157 3743 eer-

164 3791 275 3830 mouem,
294 3777 379 3838 queis
398 3778 529 3822 exereitum
546 3786 611 3836 orat,
632 3787 659 3823 ut
676 3778 814 3827 Gratianum
840 3780 971 3842 Augustum
997 3779 1086 3825 lubens
1107 3794 1156 3827 ve-

165 3870 273 3907 neretur.
