2714 4410
670 398 851 446 LAVDVM

425 581 477 642 IN
510 580 798 642 GRATIANVM
830 582 1086 649 AVGVSTVM

618 788 890 837 ARGVMNYVK

310 1003 495 1122 Carnam
529 1061 722 1135 Symmachus
755 1065 936 1124 Gratianum
960 1066 1092 1145 primum
1123 1063 1251 1142 quidem

263 1168 344 1249 quod
361 1169 454 1247 plane
470 1156 728 1244 puer'oolunta'te
750 1162 899 1243 exercitus
923 1183 955 1227 et
967 1171 1067 1249 patris
1094 1172 1249 1250 sapientia

262 1279 411 1354 Augustus
428 1283 548 1329 creatus
568 1273 626 1327 sit:
649 1267 680 1325 id
702 1281 805 1328 autem
820 1285 941 1330 corntat
954 1274 1101 1332 Gratiano
1123 1276 1249 1331 octenni

263 1377 416 1437 occidisse.
450 1371 543 1431 Aaou
573 1373 685 1428 Orator
717 1373 855 1451 exempla
887 1374 1018 1432 aliorum
1030 1416 1041 1446 ,
1074 1376 1127 1452 qui
1153 1375 1249 1452 pueri

263 1494 384 1557 regnum
407 1473 511 1552 adepti
531 1485 608 1531 sunt.
640 1473 743 1530 Innuit
763 1473 902 1554 deinceps
923 1473 1027 1533 studia
1049 1476 1244 1550 litterarum,

262 1575 367 1657 quibus
389 1573 544 1652 inprimis
567 1573 732 1630 Gratianus
754 1572 876 1635 deditus
892 1587 969 1634 erat.
991 1579 1102 1634 Rursus
1119 1574 1246 1630 Gratia-'

262 1697 333 1747 num
353 1675 486 1733 illustrat
513 1673 649 1750 Pompeii
671 1675 774 1753 magni
795 1675 930 1754 exemplo
940 1717 952 1746 ,
983 1676 1040 1753 qui
1066 1671 1242 1730 adolescens

262 1773 324 1839 iarn
341 1776 567 1858 gloriosissimus
589 1789 666 1833 erat.
701 1776 777 1835 Tum
797 1776 892 1836 eidem
921 1778 1070 1836 Gratiano
1093 1775 1241 1849 Sibyllina

262 1898 316 1939 seu
343 1879 506 1958 Virgiliana
527 1879 656 1936 oracula
672 1897 734 1958 per
756 1878 917 1959 quamdam
932 1878 1100 1959 parodiam
1121 1898 1242 1939 accom-

261 1978 376 2038 modat.
407 1982 546 2057 Denique
579 1990 675 2037 totum
706 1978 811 2039 orbem
842 1980 990 2039 Gratiano
1021 1977 1185 2038 subiectum
1205 1982 1247 2037 iri

259 2084 425 2143 vaticinans
446 2084 552 2141 innuit.
573 2083 658 2167 Dicit
680 2093 784 2140 autem
805 2085 979 2141 Ammianus
999 2099 1108 2144 nxru.
1125 2078 1153 2139 6.
1172 2096 1248 2163 post

262 2185 392 2242 electum
425 2202 446 2241 a
471 2186 566 2243 Patre
600 2184 781 2241 Gratianum
796 2206 814 2236 o
851 2186 1082 2244 Consurrectum
1114 2204 1177 2245 esse
1209 2189 1246 2246 in

260 2306 278 2335 u
303 2281 409 2340 laudes
430 2285 551 2342 maioris
564 2280 711 2361 Principis
731 2293 763 2338 et
782 2281 905 2339 novelli:
928 2287 1116 2362 maximeque
1131 2270 1252 2363 pueri,¹

259 2404 278 2438 u
301 2404 389 2462 quem
411 2388 565 2446 oculorum
580 2384 771 2466 flagrantior
785 2385 838 2443 lux
859 2384 1102 2457 commendabat,
1125 2390 1245 2449 vultm-

167 2514 170 2521 ι
259 2507 278 2537 η
302 2503 361 2563 que
376 2497 408 2543 et
422 2488 526 2566 reliqui
549 2489 682 2565 corporis
703 2482 932 2547 iucundissimus
952 2489 1033 2547 nitor
1044 2530 1055 2559 ,
1077 2495 1245 2570 ctegregia

258 2611 277 2640 u
297 2590 430 2666 pectoris
451 2588 678 2649 indolesn.1bi
699 2608 770 2669 ergo
786 2588 922 2666 fortasse
943 2592 1136 2666 Synnnachus
1162 2593 1243 2655 lianc

188 2708 190 2712 ’
261 2690 467 2749 'laudationem
487 2690 575 2748 elicit.
595 2690 676 2749 Nam
695 2691 889 2762 Symmachus
908 2688 1029 2771 quidem
1043 2714 1076 2754 se
1089 2709 1242 2756 uersatum

261 2794 292 2848 ia
326 2795 461 2850 exercitu
493 2792 698 2852 Valentiniani
727 2790 807 2854 dixit
837 2799 867 2854 in
895 2796 1027 2857 eiusdem
1046 2796 1241 2858 Laudation'e

262 2891 361 2950 altera
385 2891 440 2972 (p.
469 2891 505 2951 18
521 2889 546 2971 )
