2714 4410
139 292 213 360 vin
463 279 710 356 iverir'roars⁸

92 446 142 499 est
166 450 207 501 ut
226 433 300 498 hoec
323 429 402 520 ipsu
416 432 512 519 opud
527 449 559 497 te
575 434 686 522 cttlpoe
701 427 866 520 confessio
883 432 996 522 prosit
1019 432 1069 501 ud
1091 472 1094 479 ·

89 543 204 610 ueniae
217 541 438 631 facilitatem.
465 540 608 624 Quodsi
623 539 786 607 nouitatis
803 540 990 628 impatiens
1013 566 1066 622 es,

89 675 183 717 sume
207 651 247 716 de
262 653 343 741 foro
368 648 535 729 arbitros,
567 648 653 714 milei
684 673 731 713 an
766 648 830 714 tihi
852 648 927 714 stili
960 648 1067 715 venia

83 763 257 848 poscenda
280 762 335 829 sit.
362 763 484 843 Crede,
508 745 656 841 calculos
673 763 794 850 plures
808 764 973 843 merebor,
997 786 1068 829 non

88 893 131 936 ex
154 893 250 960 aequo
276 888 311 936 et
333 866 445 952 bono,
470 870 531 935 sed
553 871 635 959 quia
655 873 775 960 plures
797 869 894 936 uitiis
918 876 1066 938 commu-

87 978 189 1044 nibus
204 981 342 1071 favent.
367 980 514 1068 Itaque,
541 997 581 1045 ut
601 979 674 1068 ipse
698 1003 954 1070 nonnumquam
971 1004 1065 1067 proe-

87 1087 205 1168 dicas,
231 1104 403 1185 spectator
427 1086 551 1154 veteris
580 1102 726 1153 monetae
750 1090 843 1156 solue
873 1109 1067 1175 supersum.-

86 1216 212 1265 ceteros
242 1199 470 1266 delinimento
504 1199 638 1265 eutium
671 1198 823 1290 cupiunt.
859 1201 931 1266 Stet
959 1198 1067 1287 igitar

86 1307 264 1375 internos
288 1305 517 1396 istapactio,
543 1325 584 1373 ut
604 1331 655 1373 me
687 1308 824 1398 quidem
855 1307 948 1376 iuvet
968 1325 1066 1375 vetu-
1113 1316 1116 1323 “

84 1419 186 1481 seatio
200 1419 380 1503 exemplar
389 1414 431 1480 de
445 1416 660 1502 autographo
677 1431 735 1481 tuo
747 1439 887 1499 sumere,
904 1435 937 1484 te
954 1435 1067 1485 autem

84 1551 154 1595 non
171 1527 348 1617 poeniteat
367 1525 570 1616 scriptorum
586 1549 735 1593 meorum
750 1531 843 1617 ferre
868 1530 1065 1596 novitatem.
1115 1548 1118 1552 ·

85 1639 174 1726 Quis
203 1661 332 1730 reapse
362 1636 560 1729 prohetia
585 1638 698 1704 altero
723 1638 969 1706 Valentiniani
1000 1661 1065 1729 pa-

82 1749 258 1843 negyrico
277 1747 397 1814 locum
414 1748 459 1814 de
476 1747 666 1816 fluminum
693 1749 878 1819 deditione
890 1750 947 1827 ta?
977 1753 1065 1839 Quis

83 1862 124 1928 in
163 1861 327 1929 Gratiani
361 1859 540 1928 laudibus·
565 1864 873 1954 comparationem
909 1863 1064 1930 duorum

81 1971 248 2063 pontium
289 1968 431 2038 Tiberis
479 1987 515 2037 et
551 1969 667 2037 Rheni
711 1972 798 2038 satis
817 2016 820 2021 -
839 1995 985 2065 gravem
1008 1988 1066 2038 'et

82 2084 281 2152 oratoriam
306 2080 553 2158 existimatio?
573 2085 661 2151 Sunt
675 2105 790 2174 pauca
816 2100 991 2174 praeterea
1008 2084 1065 2148 ni-

82 2193 156 2261 mia
180 2190 384 2284 Symmachi
401 2192 590 2273 acumina,
616 2215 694 2282 quae
712 2189 1064 2258 commendationem

82 2300 238 2396 ingenii,
260 2322 529 2391 nonnumquam
568 2298 796 2366 subvertunt.⁴
829 2299 923 2388 qu
964 2301 1062 2367 enim

35 2399 39 2406 ¹
81 2412 357 2481 admirationem
395 2410 557 2502 undique
597 2428 851 2490 consectatur,
892 2409 978 2476 dum
1018 2411 1062 2478 de

82 2520 250 2589 omnibus
286 2543 431 2588 suorum
466 2520 674 2611 Principum
705 2521 815 2615 gestis
854 2518 995 2587 sublate
1025 2537 1062 2587 et

80 2631 260 2724 amplifice
275 2631 394 2700 studet
411 2631 550 2713 dicere,
566 2633 652 2727 ¹dum
669 2634 752 2700 stilo
767 2633 961 2726 scriptorio
974 2657 1060 2724 pro-

79 2769 127 2837 pe
143 2758 323 2815 scr'utatnr
347 2744 548 2813 subiectam
574 2749 780 2827 materiam,
807 2762 847 2812 ut
870 2744 934 2812 ubi
961 2767 1059 2811 com-

78 2856 285 2925 mendabile
310 2856 403 2924 nihil
428 2875 499 2940 eet,
524 2858 579 2926 ibi
596 2859 712 2927 laudis
739 2883 880 2927 causam
900 2847 1058 2951 quaerat,

76 2964 257 3060 frangitur
273 2965 455 3035 interdum
471 2966 623 3035 dicentis
649 2968 847 3050 subtilitas,
865 2985 927 3034 aut
951 2992 1059 3064 exag-

75 3086 199 3170 gerata
227 3077 333 3145 altius
357 3078 537 3169 praeconia¹
561 3096 689 3168 sponte
714 3095 898 3147 corruunt.
922 3077 1058 3164 Quam-

76 3208 183 3276 quam
208 3205 333 3278 aperta
356 3188 443 3254 vitia
468 3211 550 3259 raro
576 3185 767 3252 admodum
787 3187 825 3252 in
842 3187 1056 3277 Symmacho

74 3292 249 3359 invenias.
274 3295 436 3388 Namque
454 3299 483 3363 is
501 3299 714 3388 plerumque
741 3319 785 3362 eo
808 3315 945 3364 tantum
972 3319 1057 3387 pro·
1104 3284 1107 3289 ⁵

76 3399 263 3493 greditur,
288 3404 351 3470 uhi
386 3430 471 3473 sana
508 3406 715 3495 eloquentia
741 3406 879 3474 versari
915 3425 1056 3498 potest:

74 3507 127 3574 ita
151 3526 293 3592 tamen,
320 3530 360 3578 ut
383 3516 413 3580 si
446 3515 667 3605 aliquantum
697 3517 937 3597 excesseris,·
956 3536 991 3583 te
1016 3519 1057 3584 in

76 3616 237 3685 deterius
260 3624 468 3716 prolapsum
496 3626 618 3693 statim
651 3627 795 3696 sentias.
831 3632 958 3722 ltaque
983 3652 1057 3695 non

81 3735 361 3752 -—-——-—...

103 3789 139 3842 (ι)
156 3786 182 3832 1².
201 3799 305 3834 ao-at.
325 3793 360 3849 (a)
376 3789 402 3834 Ρ.
421 3790 525 3837 es-to.

12 4002 71 4150 Κ
