<?xml version="1.0" encoding="UTF-8"?>
<!DOCTYPE html PUBLIC "-//W3C//DTD XHTML 1.0 Transitional//EN"
    "http://www.w3.org/TR/xhtml1/DTD/xhtml1-transitional.dtd">
<html xmlns="http://www.w3.org/1999/xhtml" xml:lang="en" lang="en">
 <head>
  <title>
</title>
<meta http-equiv="Content-Type" content="text/html;charset=utf-8" />
  <meta name='ocr-system' content='tesseract 3.04.00' />
  <meta name='ocr-capabilities' content='ocr_page ocr_carea ocr_par ocr_line ocrx_word'/>
</head>
<body>
  <div class='ocr_page' id='page_1' title='image "./qaureliisymmach00symmgoog_0070.png"; bbox 0 0 2714 4410; ppageno 0'>
   <div class='ocr_carea' id='block_1_1' title="bbox 203 301 752 361">
    <p class='ocr_par' dir='ltr' id='par_1_1' title="bbox 203 301 752 361">
     <span class='ocr_line' id='line_1_1' title="bbox 203 301 752 361; baseline 0.005 -8"><span class='ocrx_word' id='word_1_1' title='bbox 203 301 246 361; x_wconf 72' lang='lat'>44</span> <span class='ocrx_word' id='word_1_2' title='bbox 585 308 752 356; x_wconf 74' lang='lat' dir='ltr'>nutam</span> 
     </span>
    </p>
   </div>
   <div class='ocr_carea' id='block_1_2' title="bbox 183 407 1161 811">
    <p class='ocr_par' dir='ltr' id='par_1_2' title="bbox 183 407 1161 811">
     <span class='ocr_line' id='line_1_2' title="bbox 183 407 1158 509; baseline 0.015 -26"><span class='ocrx_word' id='word_1_3' title='bbox 183 425 366 506; x_wconf 75' lang='lat' dir='ltr'><strong>Principem</strong></span> <span class='ocrx_word' id='word_1_4' title='bbox 389 423 437 504; x_wconf 84' lang='lat'>(1)</span> <span class='ocrx_word' id='word_1_5' title='bbox 461 407 634 503; x_wconf 73' lang='lat' dir='ltr'>pertulisse</span> <span class='ocrx_word' id='word_1_6' title='bbox 657 433 767 492; x_wconf 87' lang='lat' dir='ltr'>hostes</span> <span class='ocrx_word' id='word_1_7' title='bbox 791 435 1036 497; x_wconf 75' lang='lat' dir='ltr'>existimationis</span> <span class='ocrx_word' id='word_1_8' title='bbox 1067 458 1158 509; x_wconf 77' lang='lat' dir='ltr'>suas,</span> 
     </span>
     <span class='ocr_line' id='line_1_3' title="bbox 183 527 1156 627; baseline 0.012 -39"><span class='ocrx_word' id='word_1_9' title='bbox 183 550 278 608; x_wconf 88' lang='lat' dir='ltr'>quam</span> <span class='ocrx_word' id='word_1_10' title='bbox 294 548 352 599; x_wconf 83' lang='lat' dir='ltr'>nos</span> <span class='ocrx_word' id='word_1_11' title='bbox 368 527 491 627; x_wconf 72' lang='lat' dir='ltr'>salutis.</span> <span class='ocrx_word' id='word_1_12' title='bbox 509 530 615 591; x_wconf 88' lang='lat' dir='ltr'>Iamne</span> <span class='ocrx_word' id='word_1_13' title='bbox 637 548 762 595; x_wconf 84' lang='lat' dir='ltr'>constat</span> <span class='ocrx_word' id='word_1_14' title='bbox 784 538 945 597; x_wconf 82' lang='lat' dir='ltr'>fortunam</span> <span class='ocrx_word' id='word_1_15' title='bbox 969 538 1156 600; x_wconf 77' lang='lat' dir='ltr'>nobilitatis</span> 
     </span>
     <span class='ocr_line' id='line_1_4' title="bbox 183 633 1161 726; baseline 0.01 -36"><span class='ocrx_word' id='word_1_16' title='bbox 183 633 361 690; x_wconf 89' lang='lat' dir='ltr'>consentire</span> <span class='ocrx_word' id='word_1_17' title='bbox 386 635 606 726; x_wconf 80' lang='lat' dir='ltr'>temporibus?</span> <span class='ocrx_word' id='word_1_18' title='bbox 628 636 745 696; x_wconf 85' lang='lat' dir='ltr'>Eadem</span> <span class='ocrx_word' id='word_1_19' title='bbox 772 641 897 698; x_wconf 86' lang='lat' dir='ltr'>institia</span> <span class='ocrx_word' id='word_1_20' title='bbox 918 643 1071 721; x_wconf 75' lang='lat' dir='ltr'>purgavit</span> <span class='ocrx_word' id='word_1_21' title='bbox 1099 645 1161 702; x_wconf 87' lang='lat' dir='ltr'>im·</span> 
     </span>
     <span class='ocr_line' id='line_1_5' title="bbox 185 731 605 811; baseline 0.017 -26"><span class='ocrx_word' id='word_1_22' title='bbox 185 731 334 808; x_wconf 88' lang='lat' dir='ltr'>perium,</span> <span class='ocrx_word' id='word_1_23' title='bbox 357 752 427 811; x_wconf 85' lang='lat' dir='ltr'>quae</span> <span class='ocrx_word' id='word_1_24' title='bbox 452 748 605 792; x_wconf 88' lang='lat' dir='ltr'>senatum.</span> 
     </span>
    </p>
   </div>
   <div class='ocr_carea' id='block_1_3' title="bbox 180 833 1226 2219">
    <p class='ocr_par' dir='ltr' id='par_1_3' title="bbox 180 833 1226 2219">
     <span class='ocr_line' id='line_1_6' title="bbox 226 833 1167 920; baseline 0.012 -30"><span class='ocrx_word' id='word_1_25' title='bbox 226 833 295 893; x_wconf 86' lang='lat' dir='ltr'>Vll.</span> <span class='ocrx_word' id='word_1_26' title='bbox 319 835 522 897; x_wconf 84' lang='lat' dir='ltr'>Gratulamur</span> <span class='ocrx_word' id='word_1_27' title='bbox 544 840 633 910; x_wconf 88' lang='lat' dir='ltr'>tibi,</span> <span class='ocrx_word' id='word_1_28' title='bbox 655 839 787 899; x_wconf 88' lang='lat' dir='ltr'>Iubenis</span> <span class='ocrx_word' id='word_1_29' title='bbox 812 836 859 917; x_wconf 90' lang='lat' dir='ltr'>(o)</span> <span class='ocrx_word' id='word_1_30' title='bbox 886 839 1046 920; x_wconf 74' lang='lat' dir='ltr'>Auguste,</span> <span class='ocrx_word' id='word_1_31' title='bbox 1068 836 1167 919; x_wconf 77' lang='lat' dir='ltr'>qnod&#39;</span> 
     </span>
     <span class='ocr_line' id='line_1_7' title="bbox 181 937 1161 1018; baseline 0.008 -27"><span class='ocrx_word' id='word_1_32' title='bbox 181 937 310 1013; x_wconf 87' lang='lat' dir='ltr'>paterni</span> <span class='ocrx_word' id='word_1_33' title='bbox 334 956 498 998; x_wconf 81' lang='lat' dir='ltr'>successor</span> <span class='ocrx_word' id='word_1_34' title='bbox 519 939 623 998; x_wconf 86' lang='lat' dir='ltr'>sactus</span> <span class='ocrx_word' id='word_1_35' title='bbox 649 943 799 1018; x_wconf 85' lang='lat' dir='ltr'>imperii,</span> <span class='ocrx_word' id='word_1_36' title='bbox 829 950 953 994; x_wconf 85' lang='lat' dir='ltr'>tantum</span> <span class='ocrx_word' id='word_1_37' title='bbox 978 938 1080 997; x_wconf 85' lang='lat' dir='ltr'>malos</span> <span class='ocrx_word' id='word_1_38' title='bbox 1106 941 1161 999; x_wconf 89' lang='lat' dir='ltr'>iu·</span> 
     </span>
     <span class='ocr_line' id='line_1_8' title="bbox 182 1033 1226 1121; baseline 0.006 -27"><span class='ocrx_word' id='word_1_39' title='bbox 182 1039 273 1095; x_wconf 90' lang='lat' dir='ltr'>dices</span> <span class='ocrx_word' id='word_1_40' title='bbox 307 1041 399 1116; x_wconf 85' lang='lat' dir='ltr'>quasi</span> <span class='ocrx_word' id='word_1_41' title='bbox 430 1043 620 1102; x_wconf 87' lang='lat' dir='ltr'>hereditatis</span> <span class='ocrx_word' id='word_1_42' title='bbox 651 1061 750 1101; x_wconf 86' lang='lat' dir='ltr'>onera</span> <span class='ocrx_word' id='word_1_43' title='bbox 774 1039 954 1121; x_wconf 83' lang='lat' dir='ltr'>repudiasti</span> <span class='ocrx_word' id='word_1_44' title='bbox 984 1039 1057 1095; x_wconf 89' lang='lat' dir='ltr'>Non</span> <span class='ocrx_word' id='word_1_45' title='bbox 1080 1041 1162 1100; x_wconf 88' lang='lat' dir='ltr'>satis</span> <span class='ocrx_word' id='word_1_46' title='bbox 1187 1033 1190 1037; x_wconf 60' lang='grc'><strong>’</strong></span> <span class='ocrx_word' id='word_1_47' title='bbox 1220 1038 1226 1050; x_wconf 75' lang='grc'><em>“</em></span> 
     </span>
     <span class='ocr_line' id='line_1_9' title="bbox 182 1138 1161 1228; baseline 0.01 -33"><span class='ocrx_word' id='word_1_48' title='bbox 182 1140 245 1197; x_wconf 91' lang='lat' dir='ltr'>tibi</span> <span class='ocrx_word' id='word_1_49' title='bbox 278 1140 395 1228; x_wconf 87' lang='lat' dir='ltr'>idonea</span> <span class='ocrx_word' id='word_1_50' title='bbox 428 1138 514 1205; x_wconf 84' lang='lat' dir='ltr'>bona</span> <span class='ocrx_word' id='word_1_51' title='bbox 547 1146 604 1204; x_wconf 86' lang='lat' dir='ltr'>illa</span> <span class='ocrx_word' id='word_1_52' title='bbox 637 1150 706 1207; x_wconf 88' lang='lat' dir='ltr'>visa</span> <span class='ocrx_word' id='word_1_53' title='bbox 736 1160 811 1205; x_wconf 85' lang='lat' dir='ltr'>sunt</span> <span class='ocrx_word' id='word_1_54' title='bbox 840 1165 911 1206; x_wconf 91' lang='lat' dir='ltr'>cum</span> <span class='ocrx_word' id='word_1_55' title='bbox 940 1143 1097 1201; x_wconf 88' lang='lat' dir='ltr'>ministris</span> <span class='ocrx_word' id='word_1_56' title='bbox 1119 1164 1161 1205; x_wconf 92' lang='lat' dir='ltr'>ac</span> 
     </span>
     <span class='ocr_line' id='line_1_10' title="bbox 180 1241 1161 1325; baseline 0.003 -28"><span class='ocrx_word' id='word_1_57' title='bbox 180 1241 287 1317; x_wconf 89' lang='lat' dir='ltr'>primo</span> <span class='ocrx_word' id='word_1_58' title='bbox 326 1245 496 1304; x_wconf 83' lang='lat' dir='ltr'>consilium</span> <span class='ocrx_word' id='word_1_59' title='bbox 532 1260 621 1304; x_wconf 90' lang='lat' dir='ltr'>tuum</span> <span class='ocrx_word' id='word_1_60' title='bbox 655 1245 853 1325; x_wconf 84' lang='lat' dir='ltr'>delibera(re</span> <span class='ocrx_word' id='word_1_61' title='bbox 887 1245 1042 1311; x_wconf 80' lang='lat' dir='ltr'>adsidue,</span> <span class='ocrx_word' id='word_1_62' title='bbox 1076 1242 1161 1325; x_wconf 90' lang='lat' dir='ltr'>vel)</span> 
     </span>
     <span class='ocr_line' id='line_1_11' title="bbox 183 1338 1162 1423; baseline 0.008 -28"><span class='ocrx_word' id='word_1_63' title='bbox 183 1339 259 1396; x_wconf 90' lang='lat' dir='ltr'>dum</span> <span class='ocrx_word' id='word_1_64' title='bbox 281 1338 436 1414; x_wconf 86' lang='lat' dir='ltr'>experiris</span> <span class='ocrx_word' id='word_1_65' title='bbox 452 1362 492 1399; x_wconf 89' lang='lat' dir='ltr'>au</span> <span class='ocrx_word' id='word_1_66' title='bbox 507 1345 639 1418; x_wconf 88' lang='lat' dir='ltr'>inprobi</span> <span class='ocrx_word' id='word_1_67' title='bbox 661 1360 758 1423; x_wconf 84' lang='lat' dir='ltr'>atque</span> <span class='ocrx_word' id='word_1_68' title='bbox 783 1348 907 1405; x_wconf 82' lang='lat' dir='ltr'>externi</span> <span class='ocrx_word' id='word_1_69' title='bbox 929 1366 1031 1405; x_wconf 89' lang='lat' dir='ltr'>mores</span> <span class='ocrx_word' id='word_1_70' title='bbox 1054 1364 1162 1403; x_wconf 83' lang='lat' dir='ltr'>exem-</span> 
     </span>
     <span class='ocr_line' id='line_1_12' title="bbox 181 1433 1161 1522; baseline 0.014 -35"><span class='ocrx_word' id='word_1_71' title='bbox 181 1433 240 1511; x_wconf 89' lang='lat' dir='ltr'>plo</span> <span class='ocrx_word' id='word_1_72' title='bbox 262 1434 374 1492; x_wconf 79' lang='lat' dir='ltr'>&#39;saeculi</span> <span class='ocrx_word' id='word_1_73' title='bbox 399 1439 625 1495; x_wconf 76' lang='lat' dir='ltr'>vincerenturs</span> <span class='ocrx_word' id='word_1_74' title='bbox 652 1441 706 1497; x_wconf 89' lang='lat' dir='ltr'>vel</span> <span class='ocrx_word' id='word_1_75' title='bbox 733 1446 818 1519; x_wconf 90' lang='lat' dir='ltr'>quod</span> <span class='ocrx_word' id='word_1_76' title='bbox 842 1446 965 1522; x_wconf 90' lang='lat' dir='ltr'>optimo</span> <span class='ocrx_word' id='word_1_77' title='bbox 989 1445 1057 1503; x_wconf 85' lang='lat' dir='ltr'>filio</span> <span class='ocrx_word' id='word_1_78' title='bbox 1082 1465 1161 1502; x_wconf 92' lang='lat' dir='ltr'>con-</span> 
     </span>
     <span class='ocr_line' id='line_1_13' title="bbox 183 1518 1161 1624; baseline 0.004 -31"><span class='ocrx_word' id='word_1_79' title='bbox 183 1538 337 1616; x_wconf 79' lang='lat' dir='ltr'>gruebat,</span> <span class='ocrx_word' id='word_1_80' title='bbox 364 1541 439 1596; x_wconf 85' lang='lat' dir='ltr'>dum</span> <span class='ocrx_word' id='word_1_81' title='bbox 462 1539 567 1619; x_wconf 80' lang='lat' dir='ltr'>palam</span> <span class='ocrx_word' id='word_1_82' title='bbox 583 1518 691 1600; x_wconf 77' lang='lat' dir='ltr'>facere</span> <span class='ocrx_word' id='word_1_83' title='bbox 708 1549 836 1613; x_wconf 88' lang='lat' dir='ltr'>studes,</span> <span class='ocrx_word' id='word_1_84' title='bbox 857 1549 1023 1624; x_wconf 83' lang='lat' dir='ltr'>praeterita</span> <span class='ocrx_word' id='word_1_85' title='bbox 1038 1545 1161 1602; x_wconf 84' lang='lat' dir='ltr'>delicta</span> 
     </span>
     <span class='ocr_line' id='line_1_14' title="bbox 183 1642 1159 1722; baseline -0.003 -22"><span class='ocrx_word' id='word_1_86' title='bbox 183 1655 381 1720; x_wconf 82' lang='lat' dir='ltr'>potestatum</span> <span class='ocrx_word' id='word_1_87' title='bbox 402 1642 523 1711; x_wconf 85' lang='lat' dir='ltr'>fuisse,</span> <span class='ocrx_word' id='word_1_88' title='bbox 545 1664 608 1701; x_wconf 89' lang='lat' dir='ltr'>noa</span> <span class='ocrx_word' id='word_1_89' title='bbox 632 1657 823 1722; x_wconf 85' lang='lat' dir='ltr'>temporum.</span> <span class='ocrx_word' id='word_1_90' title='bbox 846 1647 978 1704; x_wconf 76' lang='lat' dir='ltr'>Sciebas</span> <span class='ocrx_word' id='word_1_91' title='bbox 995 1645 1078 1702; x_wconf 88' lang='lat' dir='ltr'>euim</span> <span class='ocrx_word' id='word_1_92' title='bbox 1094 1660 1159 1718; x_wconf 88' lang='lat' dir='ltr'>quo</span> 
     </span>
     <span class='ocr_line' id='line_1_15' title="bbox 183 1730 1161 1823; baseline -0.004 -19"><span class='ocrx_word' id='word_1_93' title='bbox 183 1759 347 1823; x_wconf 75' lang='lat' dir='ltr'>spectaret</span> <span class='ocrx_word' id='word_1_94' title='bbox 367 1746 514 1814; x_wconf 87' lang='lat' dir='ltr'>invidia,</span> <span class='ocrx_word' id='word_1_95' title='bbox 549 1751 601 1803; x_wconf 87' lang='lat' dir='ltr'>cni</span> <span class='ocrx_word' id='word_1_96' title='bbox 633 1745 792 1805; x_wconf 84' lang='lat' dir='ltr'>familiare</span> <span class='ocrx_word' id='word_1_97' title='bbox 822 1730 1049 1804; x_wconf 33' lang='lat' dir='ltr'>es‘t‘maximas</span> <span class='ocrx_word' id='word_1_98' title='bbox 1078 1745 1161 1800; x_wconf 84' lang='lat' dir='ltr'>insi-</span> 
     </span>
     <span class='ocr_line' id='line_1_16' title="bbox 182 1842 1161 1923; baseline -0.003 -21"><span class='ocrx_word' id='word_1_99' title='bbox 182 1842 307 1902; x_wconf 87' lang='lat' dir='ltr'>mulare</span> <span class='ocrx_word' id='word_1_100' title='bbox 329 1844 484 1901; x_wconf 81' lang='lat' dir='ltr'>fortunas.</span> <span class='ocrx_word' id='word_1_101' title='bbox 516 1845 631 1920; x_wconf 79' lang='lat' dir='ltr'>Adque</span> <span class='ocrx_word' id='word_1_102' title='bbox 654 1844 729 1902; x_wconf 88' lang='lat' dir='ltr'>ideo</span> <span class='ocrx_word' id='word_1_103' title='bbox 752 1843 920 1922; x_wconf 81' lang='lat' dir='ltr'>paulisper</span> <span class='ocrx_word' id='word_1_104' title='bbox 942 1844 1161 1923; x_wconf 82' lang='lat' dir='ltr'>inpotentiam</span> 
     </span>
     <span class='ocr_line' id='line_1_17' title="bbox 182 1943 1162 2030; baseline -0.004 -26"><span class='ocrx_word' id='word_1_105' title='bbox 182 1967 297 2029; x_wconf 84' lang='lat' dir='ltr'>passus</span> <span class='ocrx_word' id='word_1_106' title='bbox 329 1966 363 2005; x_wconf 91' lang='lat' dir='ltr'>ee</span> <span class='ocrx_word' id='word_1_107' title='bbox 397 1943 468 2025; x_wconf 82' lang='lat' dir='ltr'>(a),</span> <span class='ocrx_word' id='word_1_108' title='bbox 503 1960 540 2004; x_wconf 86' lang='lat' dir='ltr'>ut</span> <span class='ocrx_word' id='word_1_109' title='bbox 576 1946 743 2022; x_wconf 82' lang='lat' dir='ltr'>liqueret,</span> <span class='ocrx_word' id='word_1_110' title='bbox 781 1967 834 2004; x_wconf 90' lang='lat' dir='ltr'>eos</span> <span class='ocrx_word' id='word_1_111' title='bbox 857 1946 999 2030; x_wconf 13' lang='lat' dir='ltr'>*publici</span> <span class='ocrx_word' id='word_1_112' title='bbox 1035 1944 1162 2002; x_wconf 85' lang='lat' dir='ltr'>doloris</span> 
     </span>
     <span class='ocr_line' id='line_1_18' title="bbox 184 2043 1165 2130; baseline -0.003 -26"><span class='ocrx_word' id='word_1_113' title='bbox 184 2062 345 2130; x_wconf 30' lang='lat' dir='ltr'>auctores·</span> <span class='ocrx_word' id='word_1_114' title='bbox 370 2050 490 2106; x_wconf 88' lang='lat' dir='ltr'>dudum</span> <span class='ocrx_word' id='word_1_115' title='bbox 526 2046 656 2114; x_wconf 78' lang='lat' dir='ltr'>fuisse,</span> <span class='ocrx_word' id='word_1_116' title='bbox 692 2047 748 2123; x_wconf 87' lang='lat' dir='ltr'>qni</span> <span class='ocrx_word' id='word_1_117' title='bbox 786 2045 884 2102; x_wconf 89' lang='lat' dir='ltr'>etiam</span> <span class='ocrx_word' id='word_1_118' title='bbox 921 2057 988 2100; x_wconf 90' lang='lat' dir='ltr'>tum</span> <span class='ocrx_word' id='word_1_119' title='bbox 1021 2043 1165 2101; x_wconf 88' lang='lat' dir='ltr'>nocendi</span> 
     </span>
     <span class='ocr_line' id='line_1_19' title="bbox 184 2143 1058 2219; baseline -0.009 -7"><span class='ocrx_word' id='word_1_120' title='bbox 184 2173 283 2213; x_wconf 84' lang='lat' dir='ltr'>artem</span> <span class='ocrx_word' id='word_1_121' title='bbox 307 2151 477 2219; x_wconf 81' lang='lat' dir='ltr'>colebant,</span> <span class='ocrx_word' id='word_1_122' title='bbox 501 2167 573 2209; x_wconf 85' lang='lat' dir='ltr'>cum</span> <span class='ocrx_word' id='word_1_123' title='bbox 595 2151 658 2205; x_wconf 89' lang='lat' dir='ltr'>iam</span> <span class='ocrx_word' id='word_1_124' title='bbox 681 2162 838 2207; x_wconf 83' lang='lat' dir='ltr'>noverant</span> <span class='ocrx_word' id='word_1_125' title='bbox 860 2166 925 2204; x_wconf 87' lang='lat' dir='ltr'>nou</span> <span class='ocrx_word' id='word_1_126' title='bbox 947 2143 1058 2204; x_wconf 86' lang='lat' dir='ltr'>licere.</span> 
     </span>
    </p>
   </div>
   <div class='ocr_carea' id='block_1_4' title="bbox 163 2303 843 2357">
    <p class='ocr_par' dir='ltr' id='par_1_4' title="bbox 163 2303 843 2357">
     <span class='ocr_line' id='line_1_20' title="bbox 163 2303 843 2357; baseline -0.012 -10"><span class='ocrx_word' id='word_1_127' title='bbox 163 2306 166 2311; x_wconf 87' lang='grc'><strong>’</strong></span> <span class='ocrx_word' id='word_1_128' title='bbox 210 2313 238 2354; x_wconf 86' lang='lat' dir='ltr'>(a)</span> <span class='ocrx_word' id='word_1_129' title='bbox 249 2312 310 2357; x_wconf 66' lang='lat' dir='ltr'>saepe</span> <span class='ocrx_word' id='word_1_130' title='bbox 321 2311 342 2347; x_wconf 84' lang='lat' dir='ltr'>ia</span> <span class='ocrx_word' id='word_1_131' title='bbox 354 2308 438 2357; x_wconf 77' lang='lat' dir='ltr'>antiquis</span> <span class='ocrx_word' id='word_1_132' title='bbox 450 2319 495 2344; x_wconf 81' lang='lat' dir='ltr'>mae.</span> <span class='ocrx_word' id='word_1_133' title='bbox 506 2307 592 2342; x_wconf 72' lang='lat' dir='ltr'>oceanis</span> <span class='ocrx_word' id='word_1_134' title='bbox 603 2305 615 2342; x_wconf 79' lang='lat' dir='ltr'>b</span> <span class='ocrx_word' id='word_1_135' title='bbox 626 2317 662 2352; x_wconf 82' lang='lat' dir='ltr'>pre</span> <span class='ocrx_word' id='word_1_136' title='bbox 675 2316 696 2347; x_wconf 86' lang='lat' dir='ltr'>s,</span> <span class='ocrx_word' id='word_1_137' title='bbox 708 2315 728 2341; x_wconf 85' lang='lat' dir='ltr'>st</span> <span class='ocrx_word' id='word_1_138' title='bbox 740 2303 843 2342; x_wconf 69' lang='lat' dir='ltr'>vunan..</span> 
     </span>
    </p>
   </div>
   <div class='ocr_carea' id='block_1_5' title="bbox 179 2430 1171 2660">
    <p class='ocr_par' dir='ltr' id='par_1_5' title="bbox 179 2430 1171 2660">
     <span class='ocr_line' id='line_1_21' title="bbox 211 2430 1169 2492; baseline 0 -15"><span class='ocrx_word' id='word_1_139' title='bbox 211 2437 249 2488; x_wconf 87' lang='grc' dir='ltr'>(ι)</span> <span class='ocrx_word' id='word_1_140' title='bbox 264 2431 330 2477; x_wconf 86' lang='lat' dir='ltr'>Dicit</span> <span class='ocrx_word' id='word_1_141' title='bbox 345 2431 537 2477; x_wconf 70' lang='lat' dir='ltr'>Valentinianum</span> <span class='ocrx_word' id='word_1_142' title='bbox 554 2431 598 2491; x_wconf 80' lang='lat' dir='ltr'>qui</span> <span class='ocrx_word' id='word_1_143' title='bbox 618 2448 631 2476; x_wconf 94' lang='lat' dir='ltr'>e</span> <span class='ocrx_word' id='word_1_144' title='bbox 655 2432 704 2476; x_wconf 82' lang='lat' dir='ltr'>vita</span> <span class='ocrx_word' id='word_1_145' title='bbox 733 2441 866 2478; x_wconf 71' lang='lat' dir='ltr'>excesserat</span> <span class='ocrx_word' id='word_1_146' title='bbox 886 2447 968 2492; x_wconf 86' lang='lat' dir='ltr'>anuo,</span> <span class='ocrx_word' id='word_1_147' title='bbox 993 2441 1021 2477; x_wconf 87' lang='lat' dir='ltr'>nt</span> <span class='ocrx_word' id='word_1_148' title='bbox 1045 2430 1169 2492; x_wconf 81' lang='lat' dir='ltr'>diximus,</span> 
     </span>
     <span class='ocr_line' id='line_1_22' title="bbox 180 2516 1171 2578; baseline -0.005 -12"><span class='ocrx_word' id='word_1_149' title='bbox 180 2519 224 2566; x_wconf 79' lang='lat' dir='ltr'>Cb·</span> <span class='ocrx_word' id='word_1_150' title='bbox 241 2532 351 2565; x_wconf 79' lang='lat' dir='ltr'>unumv.</span> <span class='ocrx_word' id='word_1_151' title='bbox 369 2520 466 2576; x_wconf 83' lang='lat' dir='ltr'>lamque</span> <span class='ocrx_word' id='word_1_152' title='bbox 481 2516 569 2576; x_wconf 87' lang='lat' dir='ltr'>incipit</span> <span class='ocrx_word' id='word_1_153' title='bbox 584 2519 672 2565; x_wconf 84' lang='lat' dir='ltr'>Orator</span> <span class='ocrx_word' id='word_1_154' title='bbox 691 2518 721 2564; x_wconf 89' lang='lat' dir='ltr'>de</span> <span class='ocrx_word' id='word_1_155' title='bbox 738 2517 867 2563; x_wconf 76' lang='lat' dir='ltr'>Maximino</span> <span class='ocrx_word' id='word_1_156' title='bbox 883 2517 953 2578; x_wconf 85' lang='lat' dir='ltr'>loqui</span> <span class='ocrx_word' id='word_1_157' title='bbox 966 2517 1007 2578; x_wconf 88' lang='lat' dir='ltr'>qui</span> <span class='ocrx_word' id='word_1_158' title='bbox 1021 2518 1065 2561; x_wconf 89' lang='lat' dir='ltr'>sub</span> <span class='ocrx_word' id='word_1_159' title='bbox 1081 2517 1171 2561; x_wconf 80' lang='lat' dir='ltr'>Valen-</span> 
     </span>
     <span class='ocr_line' id='line_1_23' title="bbox 179 2599 1168 2660; baseline -0.001 -14"><span class='ocrx_word' id='word_1_160' title='bbox 179 2603 272 2647; x_wconf 88' lang='lat' dir='ltr'>tiuiauo</span> <span class='ocrx_word' id='word_1_161' title='bbox 289 2600 414 2659; x_wconf 69' lang='lat' dir='ltr'>proiectus</span> <span class='ocrx_word' id='word_1_162' title='bbox 432 2599 480 2642; x_wconf 79' lang='lat' dir='ltr'>tuit</span> <span class='ocrx_word' id='word_1_163' title='bbox 496 2615 596 2644; x_wconf 84' lang='lat' dir='ltr'>annonas</span> <span class='ocrx_word' id='word_1_164' title='bbox 613 2601 640 2645; x_wconf 85' lang='lat' dir='ltr'>iu</span> <span class='ocrx_word' id='word_1_165' title='bbox 658 2603 737 2658; x_wconf 90' lang='lat' dir='ltr'>urbe,</span> <span class='ocrx_word' id='word_1_166' title='bbox 764 2613 788 2646; x_wconf 89' lang='lat' dir='ltr'>et</span> <span class='ocrx_word' id='word_1_167' title='bbox 805 2601 919 2660; x_wconf 84' lang='lat' dir='ltr'>deinceps</span> <span class='ocrx_word' id='word_1_168' title='bbox 936 2600 1059 2658; x_wconf 78' lang='lat' dir='ltr'>praetorio.</span> <span class='ocrx_word' id='word_1_169' title='bbox 1086 2601 1168 2646; x_wconf 64' lang='lat' dir='ltr'>mexi-</span> 
     </span>
    </p>
   </div>
   <div class='ocr_carea' id='block_1_6' title="bbox 179 2684 1170 2814">
    <p class='ocr_par' dir='ltr' id='par_1_6' title="bbox 179 2684 1170 2814">
     <span class='ocr_line' id='line_1_24' title="bbox 179 2684 1167 2749; baseline -0.007 -15"><span class='ocrx_word' id='word_1_170' title='bbox 179 2688 239 2734; x_wconf 85' lang='lat' dir='ltr'>miui</span> <span class='ocrx_word' id='word_1_171' title='bbox 252 2687 379 2749; x_wconf 72' lang='lat' dir='ltr'>dignitates</span> <span class='ocrx_word' id='word_1_172' title='bbox 397 2692 421 2726; x_wconf 92' lang='lat' dir='ltr'>et</span> <span class='ocrx_word' id='word_1_173' title='bbox 434 2684 523 2727; x_wconf 82' lang='lat' dir='ltr'>scelera</span> <span class='ocrx_word' id='word_1_174' title='bbox 542 2695 624 2728; x_wconf 81' lang='lat' dir='ltr'>narrat</span> <span class='ocrx_word' id='word_1_175' title='bbox 639 2688 772 2731; x_wconf 77' lang='lat' dir='ltr'>Ammianm</span> <span class='ocrx_word' id='word_1_176' title='bbox 786 2699 868 2730; x_wconf 78' lang='lat' dir='ltr'>min.</span> <span class='ocrx_word' id='word_1_177' title='bbox 882 2699 903 2728; x_wconf 86' lang='lat' dir='ltr'>t.</span> <span class='ocrx_word' id='word_1_178' title='bbox 922 2696 947 2728; x_wconf 93' lang='lat' dir='ltr'>et</span> <span class='ocrx_word' id='word_1_179' title='bbox 955 2698 1019 2728; x_wconf 80' lang='lat' dir='ltr'>xxsx.</span> <span class='ocrx_word' id='word_1_180' title='bbox 1035 2686 1056 2728; x_wconf 79' lang='lat'>3.</span> <span class='ocrx_word' id='word_1_181' title='bbox 1066 2685 1167 2739; x_wconf 56' lang='lat' dir='ltr'>Constat</span> 
     </span>
     <span class='ocr_line' id='line_1_25' title="bbox 181 2763 1170 2814; baseline 0 -2"><span class='ocrx_word' id='word_1_182' title='bbox 181 2781 260 2814; x_wconf 81' lang='lat' dir='ltr'>antam</span> <span class='ocrx_word' id='word_1_183' title='bbox 276 2767 346 2810; x_wconf 85' lang='lat' dir='ltr'>etiam</span> <span class='ocrx_word' id='word_1_184' title='bbox 363 2763 556 2809; x_wconf 77' lang='lat' dir='ltr'>Valentinianum</span> <span class='ocrx_word' id='word_1_185' title='bbox 574 2765 700 2810; x_wconf 83' lang='lat' dir='ltr'>incitatum</span> <span class='ocrx_word' id='word_1_186' title='bbox 717 2781 730 2809; x_wconf 86' lang='lat' dir='ltr'>a</span> <span class='ocrx_word' id='word_1_187' title='bbox 747 2766 878 2811; x_wconf 72' lang='lat' dir='ltr'>Maximino</span> <span class='ocrx_word' id='word_1_188' title='bbox 896 2765 968 2811; x_wconf 81' lang='lat' dir='ltr'>fuisse</span> <span class='ocrx_word' id='word_1_189' title='bbox 987 2768 1018 2810; x_wconf 90' lang='lat' dir='ltr'>ad</span> <span class='ocrx_word' id='word_1_190' title='bbox 1037 2766 1170 2812; x_wconf 70' lang='lat' dir='ltr'>inauditam</span> 
     </span>
    </p>
   </div>
   <div class='ocr_carea' id='block_1_7' title="bbox 180 2837 1172 3850">
    <p class='ocr_par' dir='ltr' id='par_1_7' title="bbox 180 2837 1172 3509">
     <span class='ocr_line' id='line_1_26' title="bbox 181 2837 1171 2908; baseline -0.004 -8"><span class='ocrx_word' id='word_1_191' title='bbox 181 2853 361 2900; x_wconf 72' lang='lat' dir='ltr'>crudelitatem</span> <span class='ocrx_word' id='word_1_192' title='bbox 386 2851 491 2908; x_wconf 88' lang='lat' dir='ltr'>ideoque</span> <span class='ocrx_word' id='word_1_193' title='bbox 518 2849 605 2894; x_wconf 86' lang='lat' dir='ltr'>dicitur</span> <span class='ocrx_word' id='word_1_194' title='bbox 632 2850 685 2895; x_wconf 91' lang='lat' dir='ltr'>beic</span> <span class='ocrx_word' id='word_1_195' title='bbox 704 2867 717 2895; x_wconf 89' lang='lat' dir='ltr'>a</span> <span class='ocrx_word' id='word_1_196' title='bbox 735 2837 871 2908; x_wconf 69' lang='lat' dir='ltr'>Symmacho</span> <span class='ocrx_word' id='word_1_197' title='bbox 889 2848 1031 2895; x_wconf 79' lang='lat' dir='ltr'>Maximinus</span> <span class='ocrx_word' id='word_1_198' title='bbox 1056 2850 1171 2896; x_wconf 83' lang='lat' dir='ltr'>inimicus</span> 
     </span>
     <span class='ocr_line' id='line_1_27' title="bbox 182 2930 1172 2996; baseline -0.001 -14"><span class='ocrx_word' id='word_1_199' title='bbox 182 2931 352 2982; x_wconf 81' lang='lat' dir='ltr'>existimationi</span> <span class='ocrx_word' id='word_1_200' title='bbox 367 2930 536 2977; x_wconf 74' lang='lat' dir='ltr'>Valentiniani.</span> <span class='ocrx_word' id='word_1_201' title='bbox 553 2932 584 2976; x_wconf 81' lang='lat' dir='ltr'>Et</span> <span class='ocrx_word' id='word_1_202' title='bbox 601 2931 697 2993; x_wconf 85' lang='lat' dir='ltr'>quidem</span> <span class='ocrx_word' id='word_1_203' title='bbox 714 2933 766 2992; x_wconf 90' lang='lat' dir='ltr'>ipse</span> <span class='ocrx_word' id='word_1_204' title='bbox 778 2933 958 2978; x_wconf 80' lang='lat' dir='ltr'>Valentinianus</span> <span class='ocrx_word' id='word_1_205' title='bbox 976 2943 1072 2996; x_wconf 84' lang='lat' dir='ltr'>questus</span> <span class='ocrx_word' id='word_1_206' title='bbox 1090 2944 1127 2980; x_wconf 90' lang='lat' dir='ltr'>est</span> <span class='ocrx_word' id='word_1_207' title='bbox 1143 2949 1172 2981; x_wconf 85' lang='lat' dir='ltr'>ae</span> 
     </span>
     <span class='ocr_line' id='line_1_28' title="bbox 182 3017 1170 3079; baseline -0.006 -9"><span class='ocrx_word' id='word_1_208' title='bbox 182 3023 322 3070; x_wconf 84' lang='lat' dir='ltr'>calumniam</span> <span class='ocrx_word' id='word_1_209' title='bbox 338 3018 433 3079; x_wconf 86' lang='lat' dir='ltr'>perpeti</span> <span class='ocrx_word' id='word_1_210' title='bbox 450 3017 597 3071; x_wconf 65' lang='lat' dir='ltr'>crudelitatis</span> <span class='ocrx_word' id='word_1_211' title='bbox 615 3022 625 3072; x_wconf 87' lang='lat'><strong>(</strong></span> <span class='ocrx_word' id='word_1_212' title='bbox 633 3023 706 3063; x_wconf 73' lang='lat' dir='ltr'>Amm.</span> <span class='ocrx_word' id='word_1_213' title='bbox 723 3032 805 3063; x_wconf 79' lang='lat' dir='ltr'>miri.</span> <span class='ocrx_word' id='word_1_214' title='bbox 827 3031 848 3062; x_wconf 88' lang='lat' dir='ltr'>r.</span> <span class='ocrx_word' id='word_1_215' title='bbox 861 3021 878 3072; x_wconf 86' lang='grc'>).</span> <span class='ocrx_word' id='word_1_216' title='bbox 903 3019 977 3064; x_wconf 80' lang='lat' dir='ltr'>Plane</span> <span class='ocrx_word' id='word_1_217' title='bbox 998 3035 1028 3064; x_wconf 84' lang='lat' dir='ltr'>ex</span> <span class='ocrx_word' id='word_1_218' title='bbox 1044 3017 1170 3064; x_wconf 74' lang='lat' dir='ltr'>Amtuiano</span> 
     </span>
     <span class='ocr_line' id='line_1_29' title="bbox 180 3103 1171 3173; baseline -0.008 -17"><span class='ocrx_word' id='word_1_219' title='bbox 180 3121 248 3173; x_wconf 88' lang='lat' dir='ltr'>patet</span> <span class='ocrx_word' id='word_1_220' title='bbox 262 3110 378 3170; x_wconf 86' lang='lat' dir='ltr'>pluriusos</span> <span class='ocrx_word' id='word_1_221' title='bbox 396 3104 489 3151; x_wconf 88' lang='lat' dir='ltr'>nobiles</span> <span class='ocrx_word' id='word_1_222' title='bbox 507 3104 596 3148; x_wconf 82' lang='lat' dir='ltr'>artibus</span> <span class='ocrx_word' id='word_1_223' title='bbox 614 3116 638 3149; x_wconf 95' lang='lat' dir='ltr'>et</span> <span class='ocrx_word' id='word_1_224' title='bbox 655 3104 744 3149; x_wconf 74' lang='lat' dir='ltr'>seritis</span> <span class='ocrx_word' id='word_1_225' title='bbox 761 3103 883 3150; x_wconf 82' lang='lat' dir='ltr'>Maximini</span> <span class='ocrx_word' id='word_1_226' title='bbox 900 3120 951 3150; x_wconf 85' lang='lat' dir='ltr'>asse</span> <span class='ocrx_word' id='word_1_227' title='bbox 968 3104 1089 3162; x_wconf 85' lang='lat' dir='ltr'>perditore</span> <span class='ocrx_word' id='word_1_228' title='bbox 1107 3118 1171 3163; x_wconf 76' lang='lat' dir='ltr'>quoa</span> 
     </span>
     <span class='ocr_line' id='line_1_30' title="bbox 181 3190 1171 3253; baseline -0.008 -10"><span class='ocrx_word' id='word_1_229' title='bbox 181 3199 245 3244; x_wconf 89' lang='lat' dir='ltr'>iuter</span> <span class='ocrx_word' id='word_1_230' title='bbox 262 3197 309 3243; x_wconf 88' lang='lat' dir='ltr'>iam</span> <span class='ocrx_word' id='word_1_231' title='bbox 326 3201 418 3238; x_wconf 90' lang='lat' dir='ltr'>constat</span> <span class='ocrx_word' id='word_1_232' title='bbox 436 3191 506 3235; x_wconf 81' lang='lat' dir='ltr'>etiam</span> <span class='ocrx_word' id='word_1_233' title='bbox 523 3190 628 3235; x_wconf 87' lang='lat' dir='ltr'>Oratoris</span> <span class='ocrx_word' id='word_1_234' title='bbox 648 3190 725 3235; x_wconf 83' lang='lat' dir='ltr'>nostri</span> <span class='ocrx_word' id='word_1_235' title='bbox 743 3200 834 3249; x_wconf 84' lang='lat' dir='ltr'>patrem</span> <span class='ocrx_word' id='word_1_236' title='bbox 861 3191 929 3253; x_wconf 78' lang='lat' dir='ltr'>gravi</span> <span class='ocrx_word' id='word_1_237' title='bbox 955 3193 1085 3243; x_wconf 83' lang='lat' dir='ltr'>calamitate</span> <span class='ocrx_word' id='word_1_238' title='bbox 1106 3205 1171 3248; x_wconf 87' lang='lat' dir='ltr'>per-</span> 
     </span>
     <span class='ocr_line' id='line_1_31' title="bbox 181 3275 1169 3338; baseline -0.003 -12"><span class='ocrx_word' id='word_1_239' title='bbox 181 3283 281 3326; x_wconf 85' lang='lat' dir='ltr'>culsum.</span> <span class='ocrx_word' id='word_1_240' title='bbox 306 3277 391 3338; x_wconf 83' lang='lat' dir='ltr'>Neque</span> <span class='ocrx_word' id='word_1_241' title='bbox 409 3291 467 3320; x_wconf 78' lang='lat' dir='ltr'>vero</span> <span class='ocrx_word' id='word_1_242' title='bbox 485 3275 570 3320; x_wconf 84' lang='lat' dir='ltr'>mirum</span> <span class='ocrx_word' id='word_1_243' title='bbox 587 3285 622 3320; x_wconf 82' lang='lat' dir='ltr'>cst</span> <span class='ocrx_word' id='word_1_244' title='bbox 640 3275 670 3319; x_wconf 89' lang='lat' dir='ltr'>de</span> <span class='ocrx_word' id='word_1_245' title='bbox 693 3277 739 3320; x_wconf 89' lang='lat' dir='ltr'>boc</span> <span class='ocrx_word' id='word_1_246' title='bbox 757 3275 828 3321; x_wconf 90' lang='lat' dir='ltr'>silere</span> <span class='ocrx_word' id='word_1_247' title='bbox 854 3277 1016 3336; x_wconf 77' lang='lat' dir='ltr'>Amniianum,</span> <span class='ocrx_word' id='word_1_248' title='bbox 1042 3277 1084 3337; x_wconf 86' lang='lat' dir='ltr'>qui</span> <span class='ocrx_word' id='word_1_249' title='bbox 1110 3277 1169 3323; x_wconf 88' lang='lat' dir='ltr'>loco</span> 
     </span>
     <span class='ocr_line' id='line_1_32' title="bbox 181 3361 1131 3424; baseline 0.001 -15"><span class='ocrx_word' id='word_1_250' title='bbox 181 3379 260 3424; x_wconf 84' lang='lat' dir='ltr'>nuper</span> <span class='ocrx_word' id='word_1_251' title='bbox 277 3362 349 3406; x_wconf 86' lang='lat' dir='ltr'>citato</span> <span class='ocrx_word' id='word_1_252' title='bbox 365 3363 453 3406; x_wconf 80' lang='lat' dir='ltr'>fatetur</span> <span class='ocrx_word' id='word_1_253' title='bbox 469 3376 494 3405; x_wconf 92' lang='lat' dir='ltr'>ee</span> <span class='ocrx_word' id='word_1_254' title='bbox 512 3362 622 3406; x_wconf 88' lang='lat' dir='ltr'>consulto</span> <span class='ocrx_word' id='word_1_255' title='bbox 639 3362 723 3406; x_wconf 84' lang='lat' dir='ltr'>multas</span> <span class='ocrx_word' id='word_1_256' title='bbox 742 3361 857 3406; x_wconf 89' lang='lat' dir='ltr'>eiusmodi</span> <span class='ocrx_word' id='word_1_257' title='bbox 875 3363 980 3408; x_wconf 86' lang='lat' dir='ltr'>diritates</span> <span class='ocrx_word' id='word_1_258' title='bbox 998 3364 1131 3421; x_wconf 78' lang='lat' dir='ltr'>preterire.</span> 
     </span>
     <span class='ocr_line' id='line_1_33' title="bbox 249 3445 1168 3509; baseline 0.003 -18"><span class='ocrx_word' id='word_1_259' title='bbox 249 3449 325 3492; x_wconf 83' lang='lat' dir='ltr'>Porro</span> <span class='ocrx_word' id='word_1_260' title='bbox 341 3446 520 3491; x_wconf 79' lang='lat' dir='ltr'>Valentinianus</span> <span class='ocrx_word' id='word_1_261' title='bbox 539 3445 628 3491; x_wconf 89' lang='lat' dir='ltr'>dicitnr</span> <span class='ocrx_word' id='word_1_262' title='bbox 646 3448 675 3491; x_wconf 92' lang='lat' dir='ltr'>ab</span> <span class='ocrx_word' id='word_1_263' title='bbox 691 3447 790 3490; x_wconf 85' lang='lat' dir='ltr'>Oratore</span> <span class='ocrx_word' id='word_1_264' title='bbox 808 3447 898 3506; x_wconf 73' lang='lat' dir='ltr'>Divus,</span> <span class='ocrx_word' id='word_1_265' title='bbox 925 3447 980 3509; x_wconf 79' lang='lat' dir='ltr'>quia</span> <span class='ocrx_word' id='word_1_266' title='bbox 998 3464 1051 3492; x_wconf 86' lang='lat' dir='ltr'>enm</span> <span class='ocrx_word' id='word_1_267' title='bbox 1068 3448 1168 3494; x_wconf 81' lang='lat' dir='ltr'>Gratia·</span> 
     </span>
    </p>

    <p class='ocr_par' dir='ltr' id='par_1_8' title="bbox 182 3533 1169 3671">
     <span class='ocr_line' id='line_1_34' title="bbox 182 3533 1169 3594; baseline 0.001 -15"><span class='ocrx_word' id='word_1_268' title='bbox 182 3553 226 3585; x_wconf 75' lang='lat' dir='ltr'>nus</span> <span class='ocrx_word' id='word_1_269' title='bbox 253 3545 309 3594; x_wconf 87' lang='lat' dir='ltr'>post</span> <span class='ocrx_word' id='word_1_270' title='bbox 329 3541 428 3578; x_wconf 89' lang='lat' dir='ltr'>mortem</span> <span class='ocrx_word' id='word_1_271' title='bbox 448 3536 457 3587; x_wconf 87' lang='lat'><strong>(</strong></span> <span class='ocrx_word' id='word_1_272' title='bbox 467 3544 494 3577; x_wconf 89' lang='lat' dir='ltr'>nt</span> <span class='ocrx_word' id='word_1_273' title='bbox 510 3534 542 3579; x_wconf 91' lang='lat' dir='ltr'>ait</span> <span class='ocrx_word' id='word_1_274' title='bbox 558 3533 676 3578; x_wconf 81' lang='lat' dir='ltr'>Ausonius</span> <span class='ocrx_word' id='word_1_275' title='bbox 694 3533 720 3577; x_wconf 87' lang='lat' dir='ltr'>in</span> <span class='ocrx_word' id='word_1_276' title='bbox 740 3534 870 3578; x_wconf 72' lang='lat' dir='ltr'>Gratiarum</span> <span class='ocrx_word' id='word_1_277' title='bbox 887 3535 998 3589; x_wconf 74' lang='lat' dir='ltr'>Actione)</span> <span class='ocrx_word' id='word_1_278' title='bbox 1016 3533 1105 3580; x_wconf 85' lang='lat' dir='ltr'>divinia</span> <span class='ocrx_word' id='word_1_279' title='bbox 1123 3537 1169 3580; x_wconf 88' lang='lat' dir='ltr'>bo·</span> 
     </span>
     <span class='ocr_line' id='line_1_35' title="bbox 183 3624 492 3671; baseline -0.023 0"><span class='ocrx_word' id='word_1_280' title='bbox 183 3624 282 3671; x_wconf 88' lang='lat' dir='ltr'>naribus</span> <span class='ocrx_word' id='word_1_281' title='bbox 301 3629 492 3667; x_wconf 71' lang='lat' dir='ltr'>consecraverat.</span> 
     </span>
    </p>

    <p class='ocr_par' dir='ltr' id='par_1_9' title="bbox 184 3694 1169 3850">
     <span class='ocr_line' id='line_1_36' title="bbox 221 3694 1169 3763; baseline -0.005 -12"><span class='ocrx_word' id='word_1_282' title='bbox 221 3694 256 3763; x_wconf 79' lang='lat' dir='ltr'>(a)</span> <span class='ocrx_word' id='word_1_283' title='bbox 274 3704 417 3750; x_wconf 80' lang='lat' dir='ltr'>Maximinus</span> <span class='ocrx_word' id='word_1_284' title='bbox 434 3703 533 3762; x_wconf 78' lang='lat' dir='ltr'>&lt;inquit</span> <span class='ocrx_word' id='word_1_285' title='bbox 548 3702 681 3747; x_wconf 81' lang='lat' dir='ltr'>Ammianus</span> <span class='ocrx_word' id='word_1_286' title='bbox 706 3717 789 3747; x_wconf 81' lang='lat' dir='ltr'>xxviii.</span> <span class='ocrx_word' id='word_1_287' title='bbox 810 3715 831 3747; x_wconf 84' lang='lat' dir='ltr'>t.</span> <span class='ocrx_word' id='word_1_288' title='bbox 849 3701 957 3763; x_wconf 76' lang='lat' dir='ltr'>iatine)</span> <span class='ocrx_word' id='word_1_289' title='bbox 985 3703 1028 3748; x_wconf 78' lang='lat' dir='ltr'>aab</span> <span class='ocrx_word' id='word_1_290' title='bbox 1053 3701 1169 3750; x_wconf 76' lang='lat' dir='ltr'>Gratiano</span> 
     </span>
     <span class='ocr_line' id='line_1_37' title="bbox 184 3782 973 3850; baseline -0.008 -14"><span class='ocrx_word' id='word_1_291' title='bbox 184 3790 343 3837; x_wconf 83' lang='lat' dir='ltr'>intoleranter</span> <span class='ocrx_word' id='word_1_292' title='bbox 362 3803 387 3835; x_wconf 90' lang='lat' dir='ltr'>sa</span> <span class='ocrx_word' id='word_1_293' title='bbox 404 3784 524 3846; x_wconf 82' lang='lat' dir='ltr'>efferent,</span> <span class='ocrx_word' id='word_1_294' title='bbox 541 3787 688 3833; x_wconf 83' lang='lat' dir='ltr'>damnatorio</span> <span class='ocrx_word' id='word_1_295' title='bbox 704 3788 824 3850; x_wconf 72' lang='lat' dir='ltr'>iugulatus</span> <span class='ocrx_word' id='word_1_296' title='bbox 847 3797 883 3834; x_wconf 90' lang='lat' dir='ltr'>est</span> <span class='ocrx_word' id='word_1_297' title='bbox 899 3782 973 3833; x_wconf 76' lang='lat' dir='ltr'>ferro.</span> 
     </span>
    </p>
   </div>
   <div class='ocr_carea' id='block_1_8' title="bbox 0 0 1364 4410">
    <p class='ocr_par' dir='ltr' id='par_1_10' title="bbox 0 0 1364 4410">
     <span class='ocr_line' id='line_1_38' title="bbox 0 0 1364 4410; baseline 0 0"><span class='ocrx_word' id='word_1_298' title='bbox 0 0 1364 4410; x_wconf 95' lang='lat' dir='ltr'> </span> 
     </span>
    </p>
   </div>
  </div>
 </body>
</html>
