2714 4410
206 313 244 351 10
435 304 557 348 ttvuaa
580 305 615 348 lm
637 303 907 351 VALENTlNlANVM

179 425 294 486 lideles
316 427 434 485 litterae
456 423 678 502 pertulerunt,
701 431 774 505 quis
797 447 862 486 non
877 447 1051 510 congruum
1073 429 1162 486 iudi·

178 530 267 586 cavit
297 538 334 583 ut
355 545 374 582 a
397 526 484 582 caede
515 525 689 585 barbarica
712 529 746 586 in
776 530 903 590 facinus
938 529 1037 592 civile
1074 546 1165 587 arma

1 667 3 674 ·
85 621 93 633 ’
177 626 370 706 torqueres?

218 727 272 788 Xl.
301 728 342 786 At
368 739 404 786 tu
419 712 499 807 reip.
514 729 588 808 plus
611 730 768 791 timebas:
792 747 825 790 et
841 733 926 791 inter
942 737 1021 792 duas
1046 751 1160 791 causas

175 831 257 888 hinc·
277 832 462 891 intestinam
480 831 527 914 (a)
544 835 619 893 inde
637 832 830 903 finitimam,
852 835 997 895 malebas
1012 839 1163 914 potentia
1219 860 1222 867 ·

176 945 234 991 tue
256 935 387 993 interim
417 935 481 993 frui
515 937 690 1006 aemulum,
726 957 820 1016 quam
842 937 939 1017 longa
975 939 1161 1015 inpunitate
1261 927 1266 938 ’

173 1035 332 1094 vicinum.
365 1034 433 1094 Nec
469 1039 515 1095 its
548 1051 642 1116 turpe
677 1039 798 1097 duxisti
821 1038 933 1117 plures
957 1050 1066 1098 tecum
1089 1034 1165 1097 esse

174 1139 364 1218 principes,
401 1160 496 1218 qnam
533 1153 633 1200 terras
664 1143 795 1220 imperii
824 1144 1004 1202 breviores.
1028 1139 1162 1221 Frustra¹

176 1256 254 1300 tunc
279 1244 342 1302 tibi
365 1241 546 1322 perduellis
579 1260 685 1304 motus
703 1229 838 1323 optavit
859 1244 1075 1310 Alamannia,
1109 1244 1163 1302 cui

176 1355 300 1403 tantum
334 1347 473 1402 miserius
506 1345 630 1404 invexit
663 1349 833 1407 conflictus
869 1363 971 1418 tuus,
1005 1361 1165 1427 quamum

174 1448 303 1524 proeliis
336 1448 518 1503 debebatur
551 1449 721 1506 ambobus.
747 1449 896 1508 Probasti
923 1453 1063 1511 animum
1087 1470 1164 1508 con·

177 1549 370 1604 stantissimi
404 1547 496 1604 ducis
522 1544 568 1627 (b)
593 1531 698 1605 minue
731 1550 796 1612 tibi
830 1547 1030 1606 consulendo
1066 1567 1161 1622 quam

178 1651 309 1709 ceteris.
332 1648 448 1707 Tutior
469 1663 548 1726 aput
570 1664 602 1707 te
618 1649 684 1708 fuit
698 1663 794 1719 tuus,
818 1669 915 1727 quem
929 1664 1041 1709 noster
1056 1650 1165 1706 inimi·

180 1769 235 1805 cue
260 1747 316 1827 (c).
350 1749 423 1806 Non
455 1768 518 1804 uno
552 1750 651 1826 igitur
673 1747 834 1808 beneficio
860 1748 983 1807 Gallias
1007 1747 1163 1827 obligasti
1203 1782 1205 1790 x

180 1852 298 1927 quibus
329 1853 453 1930 pariter
475 1869 494 1906 a
516 1862 547 1908 te
586 1867 756 1928 utrumque
782 1850 926 1909 delatum
950 1864 1019 1918 eet,
1054 1863 1087 1907 et
1110 1849 1162 1906 sui

179 1956 321 2034 periculi
340 1941 420 2014 ¹curu
443 1970 476 2012 et
498 1957 546 2013 tui
570 1952 773 2034 neglegentia
800 1951 859 2032 ().

223 2059 294 2117 Xll.
318 2059 404 2135 Quid
421 2060 505 2135 ipsas
521 2044 692 2116 contiones
716 2070 787 2112 tuas
804 2068 836 2112 et
850 2055 999 2112 humanis
1015 2051 1164 2111 sensibus
1210 2132 1212 2136 Ι

182 2160 322 2222 celsiora
344 2174 456 2219 retexo
482 2157 676 2236 conloquia?
694 2156 782 2224 Huc,
798 2159 907 2234 inquis
922 2154 989 2235 (d),
1013 2153 1165 2211 fidissimi

180 2263 422 2322 ‘commilitones
445 2265 617 2320 adversum
640 2275 746 2319 truces
770 2260 910 2340 populos
934 2274 975 2341 et¹
988 2260 1093 2317 Rheni
1118 2261 1165 2317 fe·

179 2381 272 2421 rocas
296 2366 470 2441 indegenas
494 2362 616 2421 vexilla
638 2364 804 2423 conferte:
827 2363 883 2421 hic
907 2352 1085 2427 communis
1107 2361 1167 2418 ho·

180 2465 239 2522 stis
264 2462 308 2544 (e)
333 2478 406 2535 est,
428 2462 486 2525 ille
509 2467 677 2542 privatus:
700 2464 807 2541 prima
829 2463 978 2521 victoriae
1001 2461 1167 2539 publicae,

165 2572 321 2630 *secunda
343 2571 498 2630 vindictas
522 2588 600 2628 meae
621 2587 718 2628 causa
741 2565 882 2648 est·(a):
906 2565 970 2627 alio
992 2563 1084 2625 bello
1109 2583 1167 2642 pe·

179 2673 261 2730 titur
294 2685 404 2731 nostra
437 2672 602 2748 dignitas,
638 2672 702 2728 hoc
732 2684 839 2730 vestra
868 2668 1040 2746 possessio.
1079 2665 1167 2740 Quid

180 2771 293 2849 plural
321 2787 435 2832 contra
457 2785 489 2828 te
513 2773 677 2829 suadendo
700 2771 828 2829 vicisti:
853 2781 1041 2844 tantumque
1064 2767 1169 2825 valuit

182 2875 357 2934 auotoritas
389 2888 466 2945 tua,
500 2888 536 2933 ut
568 2856 826 2947 dissimularetur
858 2873 990 2930 iniuria.
1018 2870 1166 2931 Putasses

210 3062 238 3103 (a)
249 3057 297 3093 cod.
313 3058 333 3093 1ιὶ
350 3056 462 3094 esseminant·
479 3057 506 3101 (l)
523 3057 570 3117 qod.
587 3056 650 3094 clueas.
664 3059 689 3104 (c)
709 3055 755 3093 cst.
773 3053 855 3091 inimices
872 3063 938 3090 vetere
955 3056 1001 3091 item
1020 3055 1164 3103 orthographia·

184 3121 211 3167 ld)
224 3123 271 3159 cod.
284 3120 354 3172 inquld.
370 3122 394 3165 (a)
407 3120 454 3156 cet.
466 3121 531 3158 horter.

211 3272 247 3322 (1)
264 3268 347 3312 Galliae
364 3269 456 3313 nobiles
474 3268 545 3311 urbes
556 3266 716 3328 legationibus
729 3263 804 3308 missis
819 3258 1029 3325 Valentinianum,
1042 3267 1170 3328 quominus

178 3359 205 3402 in
224 3357 349 3407 Orientem*
364 3357 478 3401 adversus
495 3355 640 3413 Procopium
656 3361 787 3414 pergeret,
806 3365 984 3399 exoraverunt:
1014 3353 1118 3415 quodsi
1135 3353 1170 3399 le·

180 3448 267 3505 risset,
284 3433 361 3491 Gallia
378 3448 551 3493 Germanorum
569 3445 704 3492 incursibus
724 3447 847 3503 patuisset.
868 3448 919 3492 Am.
939 3462 1005 3491 xxva.
1024 3449 1047 3492 5.

127 3547 139 3557 ⁸
215 3534 253 3584 (a)
269 3531 450 3575 Valentinianus
473 3531 572 3591 (inquit
589 3529 722 3574 Ammianus
741 3530 788 3573 loc.
807 3529 868 3585 cit.)
885 3551 898 3573 a
917 3531 1052 3590 replicabat
1074 3530 1172 3591 aliquo-
1191 3551 1194 3556 ·

181 3634 195 3655 u
212 3613 273 3671 ties,
288 3615 379 3658 hostem
389 3629 455 3657 suum
468 3615 605 3674 linteisque
619 3613 693 3658 solius
706 3629 757 3657 esse
772 3615 934 3673 Procopium
953 3617 1094 3661 Alamannos
1107 3632 1170 3664 vere

123 3714 125 3718 ’
182 3719 197 3742 s
210 3702 289 3745 tetius
301 3700 367 3744 urbis
379 3698 487 3744 romania
506 3700 636 3759 statuitque
646 3714 765 3760 nusquam
778 3700 874 3746 interim
887 3705 952 3747 extr'a
963 3700 1066 3747 confinia
1075 3703 1172 3749 mereri

183 3808 197 3830 o
218 3788 343 3832 Gallorum
354 3808 375 3827 ›¹-
