2714 4410
443 352 686 404 sucessuum
709 357 878 405 avavsrvu
999 411 1003 426 1
1041 320 1045 331 “
1095 350 1133 428 37

149 541 152 546 Ι
226 463 280 528 ΧῙ.
303 467 397 543 Quod
419 470 448 528 si
469 470 629 529 fortunam
651 488 748 542 tuam,
771 473 922 535 Gratiane
945 481 1159 550 venerabilis,

183 589 257 650 quae
280 557 392 648 prima·
406 573 440 629 in
463 574 600 633 ducibus
621 580 797 636 aestimatur
818 579 884 660 (1),
909 602 1069 660 perpensa
1087 605 1155 643 exa·
1188 621 1191 627 ·

183 672 356 731 minatione
380 671 560 743 libremus,
583 678 662 753 quid
684 676 814 736 felicius
843 677 993 759 Principe
1017 685 1076 741 sub
1102 702 1158 760 pa-

185 774 331 830 rentibus
353 774 557 852 imperante?
587 774 634 833 Te
656 775 787 856 placida
811 781 884 836 sinu
908 795 1042 839 cunctus
1070 785 1160 842 erbis

186 876 404 954 amplectitur.
440 879 585 957 Cumque
610 881 652 936 sit
687 882 877 958 respublica
919 880 1005 942 Patri
1039 896 1072 941 et
1102 884 1162 944 Pa·

185 994 259 1040 true
282 994 337 1040 tuo
360 986 498 1062 quadam
522 985 631 1060 specie
660 985 855 1052 distributa,
888 985 950 1042 tibi
973 987 1029 1042 uni
1052 999 1160 1045 tamen

185 1103 256 1142 cum
288 1099 427 1163 utroque
461 1089 639 1144 communis
672 1083 722 1142 est
749 1084 808 1165 (a).
840 1085 866 1143 A
897 1084 1063 1144 cubilibus
1089 1105 1162 1153 ¹aur·

184 1185 287 1264 gentis
310 1183 357 1263 (a)
383 1200 506 1240 aurorae
529 1186 694 1242 admetus
718 1183 795 1241 selis
817 1185 948 1244 occidui
981 1184 1066 1243 nihil
1094 1206 1163 1245 aer-

183 1290 235 1344 nis
259 1284 417 1344 alienum:
437 1281 526 1343 Inter
548 1299 700 1366 cognatos
723 1280 861 1346 siderum
878 1285 993 1366 globos
1008 1292 1166 1364 quantuni

162 1382 334 1464 altariis)
357 1371 512 1442 alterutro
534 1386 640 1443 minor
661 1399 709 1441 est
732 1381 793 1464 (c),
816 1396 939 1444 tantum
968 1384 1087 1464 singuli
1109 1382 1163 1466 (d)
1186 1386 1193 1400 '

184 1476 382 1561 ex'ntroque
406 1481 634 1542 cumulatiores
657 1482 715 1564 (a).

225 1580 296 1642 XII.
319 1577 426 1644 Audin
448 1578 637 1664 iampridem
659 1587 811 1645 fatidicos
835 1587 1079 1653 obmurmurare
1089 1602 1164 1664 gan·

181 1683 263 1740 tium
288 1695 392 1753 vates,
418 1685 571 1744 hactenus
587 1703 704 1745 numen
718 1687 845 1745 stetisse
861 1688 1083 1746 barbarismus
1097 1690 1164 1744 ism

183 1787 325 1866 genitum
342 1807 429 1856 esse,
446 1790 507 1846 iam
530 1802 675 1847 crescere
699 1792 752 1847 aui
775 1808 909 1848 necesse
932 1791 975 1846 ait
997 1809 1070 1847 cum
1091 1781 1160 1845 toto

102 1908 104 1911 ·
182 1889 262 1946 orbe
285 1879 418 1945 servire.
440 1884 592 1943 luaueant
613 1886 671 1942 alii
694 1900 912 1956 senectutem,
934 1902 1160 1964 servatamque

187 1983 224 2039 in
250 1997 392 2058 tempera
430 1987 560 2057 captiva
592 1984 753 2038 canitiem.
787 1982 877 2040 Alios
910 1999 1029 2043 tenerae
1063 1989 1166 2057 trudet⁴

186 2083 306 2147 atatis,
340 2082 396 2159 qui
428 2094 596 2158 postquam
626 2072 753 2141 sensnm
775 2084 936 2146 libertatis
963 2090 1161 2158 hauserunta

184 2198 273 2244 metu
295 2180 471 2259 seruitutis
489 2187 657 2266 agitantur.
691 2187 809 2248 Merita
843 2191 987 2267 undique
1011 2193 1161 2250 certatim

184 2278 348 2368 supplices
380 2291 494 2347 misere
526 2287 665 2369 legatos:
688 2295 818 2370 captivo
851 2291 968 2351 similia
1001 2307 1071 2362 est,
1104 2292 1162 2370 qui

183 2392 306 2467 primus
329 2389 431 2446 currit
461 2390 500 2446 ad
525 2407 656 2466 pacem.
681 2389 784 2449 Crede
807 2393 949 2450 hostium
977 2393 1163 2470 responsis,

187 2491 286 2548 credo
309 2489 482 2568 praesagiis.
502 2477 796 2571 Quantum'gloriae
819 2499 1027 2573 consequeris
1059 2496 1162 2564 olim,

185 2586 276 2647 Patre
299 2586 471 2657 ineolumi,
494 2591 648 2646 ducturus
671 2594 865 2662 exereitum,
882 2596 937 2672 qui
959 2614 1162 2674 quacumque

184 2692 312 2751 duceris
335 2691 400 2749 iam
422 2694 544 2771 rogaris
569 2691 643 2771 (Μ

512 2825 689 2902 Expliciunt
706 2827 829 2888 Laudes

447 2928 487 2984 ,ἰη
511 2929 691 2988 Gratianum
712 2937 885 3012 Augustiana

209 3143 236 3185 (a)
251 3140 300 3176 cot.
318 3140 402 3186 priniana
421 3142 523 3184 aemam,
540 3141 660 3177 tantaene
677 3140 784 3186 ιισμοιεὶι,
793 3139 821 3183 (ὃ)
838 3139 902 3176 cetu
914 3152 950 3186 pen
962 3139 1009 3175 alter
1020 3139 1080 3175 hahet
1092 3138 1158 3177 nitria.

184 3205 211 3250 (e)
222 3204 269 3240 (iad.
279 3204 338 3240 miter
348 3213 372 3238 u.
388 3201 415 3247 (a)
426 3202 473 3239 toa.
488 3201 568 3248 singidin-
584 3205 609 3248 (e)
620 3202 667 3238 aad.
678 3202 757 3238 tamne
768 3202 893 3241 cumulatiore.
908 3202 939 3249 (s)
953 3201 1000 3238 tan,
1013 3212 1092 3247 reama.

937 3301 1150 3318 mauman—u-

215 3365 251 3418 (ι)
268 3361 377 3406 Imitatur
394 3360 544 3418 Symmachus
562 3360 702 3404 Ciceronem
720 3359 762 3420 qni
775 3373 818 3419 pre
835 3363 892 3420 Lege
909 3359 1005 3406 Manilia
1023 3375 1071 3406 xvt·
1093 3363 1164 3408 Pena-

180 3451 261 3510 peinm
276 3451 448 3509 imperatorem
465 3462 495 3491 ex
510 3447 557 3491 linc
576 3447 645 3491 etiam
662 3446 823 3502 commendat,
841 3447 906 3508 qnod
924 3446 945 3491 ei
963 3450 1068 3509 qnndam
1086 3447 1165 3511 singn-

180 3534 236 3580 laria
255 3533 366 3578 adiuncta
384 3539 447 3577 esset
465 3529 568 3574 fnrtnna.

215 3623 250 3675 (a)
260 3621 351 3677 Reapae
362 3630 386 3663 et
395 3615 577 3662 Valentinianae
596 3614 695 3673 Galata,
710 3613 816 3660 Valentis
826 3615 896 3660 unica
905 3616 981 3662 virilis
992 3612 1061 3662 saxiae
1070 3617 1161 3676 proles,

179 3704 221 3764 qni
237 3705 346 3750 trimalias
365 3704 451 3748 nonani
467 3677 513 3748 tuii
530 3716 592 3746 anna
619 3703 662 3747 ch.
682 3701 747 3762 369,
773 3717 834 3760 pnes·
850 3706 922 3762 paula
939 3715 995 3762 post
1011 3706 1078 3750 abiit.
1101 3705 1161 3750 viae
1200 3726 1203 3730 ·

184 3793 304 3837 Socratem
318 3804 350 3834 tv.
368 3790 408 3836 2⁶.
426 3789 602 3839 Theodoram
616 3799 650 3846 tv,
669 3803 707 3847 19·
