2714 4410
231 285 252 346 4
301 404 361 506 ·Q·
388 379 1047 486 AVRELIISVMMACH1·V·C·

569 595 593 654 L
605 599 630 657 A
640 596 704 656 VD
717 596 741 654 E
755 596 774 654 S

232 765 291 841 m
322 723 803 842 vinsurrurluvu
835 760 1116 834 suurnnnu

482 925 789 1009 Avovsrvu
817 932 870 1004 11·

229 1114 380 1175 ...Ι.
414 1115 554 1175 solvitur
586 1135 644 1192 pro
678 1113 801 1172 labore.
830 1111 1011 1170 Fastidium
1045 1122 1077 1168 te
1101 1113 1168 1171 for-

187 1219 272 1278 sitan
299 1233 431 1299 caperet
454 1219 501 1300 (a)
525 1221 635 1277 iterati
658 1221 785 1298 praemii
810 1233 844 1278 et
866 1237 952 1298 saepc
974 1220 1168 1296 repetendi,

185 1328 250 1384 nisi
273 1321 369 1383 nobis
386 1323 570 1382 consuleres
586 1343 627 1378 ne
645 1326 813 1383 videamur
829 1325 956 1403 ingrati.
978 1324 1089 1384 llonor
1104 1322 1169 1380 tibi

185 1445 327 1483 summus
350 1429 384 1482 in
407 1426 531 1482 viribus
556 1423 622 1492 est,
645 1428 748 1486 honor
763 1427 881 1506 plenus
897 1431 931 1484 in
946 1431 1089 1489 moribus
1107 1426 1168 1507 (r).

180 1523 271 1582 -Tuss
294 1543 388 1582 veras
413 1541 542 1583 secures
567 1543 632 1582 uon
655 1524 806 1584 lictorum
823 1527 925 1584 umeri
943 1525 989 1605 (b)
1017 1531 1074 1583 sed
1097 1546 1169 1582 cer·

186 1629 277 1686 vices
301 1631 445 1708 gentium
467 1629 585 1695 ferunt.
601 1628 703 1704 Reges
728 1633 858 1689 decreta
875 1634 1075 1690 custodiunt.
1102 1629 1167 1686 Ca-

186 1733 282 1789 stells
306 1751 364 1808 pro
391 1732 534 1788 fascibus
558 1732 732 1808 eriguntur.
751 1733 800 1791 Tu
815 1735 902 1792 inter
917 1734 1048 1792 obsides
1064 1733 1168 1790 victo-

178 1835 231 1890 rie
254 1835 322 1892 iure
346 1835 553 1912 disceptans:
578 1851 649 1890 nam
674 1834 789 1891 iubens
813 1838 860 1892 lre
885 1853 965 1911 quos
988 1833 1112 1900 reddis,
1136 1844 1170 1888 et

184 1935 292 1992 redire
316 1954 395 2011 quoe
427 1936 577 2012 suscipis.
614 1934 745 1991 Ambist
778 1933 858 1991 licet
893 1952 1000 1991 sacros
1038 1935 1169 1990 umeros

176 2048 381 2114 'gemmarum
405 2037 638 2096 cohaerentium
663 2034 808 2095 velamen
831 2032 1021 2112 opulentum
1042 2032 1112 2114 (c),
1135 2045 1170 2090 et
1210 2102 1213 2122 Ι

186 2140 336 2196 trabeam¹
356 2137 559 2196 consularem
582 2134 746 2194 discolora
769 2147 853 2192 serta
874 2147 1075 2213 praetcxnnt3
1108 2131 1167 2190 ille

185 2251 293 2297 temen
317 2253 448 2297 ornatus
472 2240 631 2317 insignior
657 2254 707 2296 est
743 2258 838 2316 quem
861 2238 993 2296 Rhenus
1026 2239 1166 2306 meruit,

186 2359 282 2416 quem
298 2338 392 2397 limes
410 2343 540 2417 accepit
557 2339 614 2419 (2).
638 2337 800 2401 Beneficia
818 2355 872 2396 tua
888 2339 1062 2397 devotione
1085 2336 1168 2394 mul·

184 2448 258 2497 cere
281 2441 475 2519 reipublicae
501 2439 560 2522 (3).
597 2439 674 2515 Quae
709 2441 805 2496 sumis
829 2455 935 2496 tunna
966 2450 1060 2505 suut,
1094 2455 1166 2514 quae

185 2549 301 2605 condis
325 2560 454 2606 osterna.

1044 2684 1167 2696 *-

209 2743 236 2782 (a)
248 2713 313 2777 codix
324 2750 412 2789 tecperet.
423 2739 452 2784 (bl
461 2743 490 2776 Its
502 2741 597 2777 eodnine
607 2741 701 2789 adspires·
709 2743 760 2789 quod
767 2743 848 2778 vidimus
857 2742 964 2783 nonreml
970 2743 1027 2791 etism
1034 2742 1054 2778 in
1062 2742 1165 2780 securene.

186 2805 210 2846 (c)
223 2804 269 2839 eod.
281 2804 414 2852 opumlennsm,
426 2817 466 2842 tun
478 2807 601 2850 emendatum
613 2808 741 2857 opitulenntms
762 2821 797 2846 nce
816 2810 883 2846 demus
902 2809 1011 2861 opulentus.

190 2905 1156 2932 ¹-r--———-·--------·-———-—

211 2978 248 3029 (1)
266 2974 402 3020 Gloriosum
418 2976 584 3022 Valentiniani
600 2977 705 3022 moribus
724 2979 764 3022 dat
785 2977 947 3022 testimoninm
963 2977 1097 3021 Ammianus
1114 2990 1171 3022 xxx.

182 3058 260 3116 9.l1is
279 3059 405 3102 verbine»
427 3060 496 3104 Omni
514 3060 635 3117 pudicitior
663 3061 730 3105 cultu
757 3061 823 3106 domi
841 3039 926 3107 'cestus
949 3070 975 3105 et
1000 3061 1077 3117 soris,
1101 3061 1171 3105 nullo

178 3167 192 3187 n
213 3149 324 3209 contagio
342 3148 495 3192 conscientiae
513 3148 615 3192 violatus
635 3150 760 3205 obscena,
778 3148 840 3194 nihil
856 3149 989 3192 incestum:
1006 3149 1116 3204 huncque
1140 3146 1173 3189 ob

179 3248 192 3272 r·
213 3246 306 3274 causam
331 3239 450 3292 tamquam
477 3231 615 3276 retinaculis
643 3232 799 3288 petulantiam
826 3232 931 3275 frenarat
958 3232 1016 3275 sulse
1041 3228 1172 3292 regalis».

178 3316 293 3359 Ilumdem
310 3316 400 3361 ibidem
418 3317 477 3361 dicit
494 3333 598 3375 corpore
616 3319 734 3363 lacer-tneo
754 3328 778 3363 et
796 3318 885 3364 valido.

213 3403 250 3452 (α)
265 3400 448 3444 valentinianus
466 3403 555 3448 dicitur
573 3405 602 3448 sb
620 3405 741 3449 Ammiano
760 3406 808 3450 loc·
827 3405 867 3449 cit.
887 3407 1033 3464 oppidorum
1058 3413 1082 3448 et
1105 3403 1174 3449 limi-

181 3493 232 3527 tum
249 3485 364 3529 conditor
383 3488 548 3545 tempestivus.
567 3492 624 3534 Tum
641 3505 703 3536 xxrx.
724 3493 746 3536 6.
766 3495 844 3539 studio
861 3495 1049 3540 muniendorum
1067 3493 1172 3540 limitum

179 3574 291 3635 flegrans.

212 3659 249 3712 (3)
266 3656 357 3712 Nempe
375 3657 493 3702 sententio
510 3658 623 3704 ridetur-r
642 3663 777 3724 reipublicae
804 3676 836 3710 ert
859 3677 898 3710 tuo
924 3667 1030 3730 beneficia
1058 3666 1173 3714 devotione

180 3739 281 3786 midam.
