2714 4410
292 412 392 470 Plane
413 419 516 466 autem
538 405 611 465 mihi
625 406 802 486 persuadeo
835 407 915 472 hant
940 410 1078 491 priorem
1108 411 1233 472 Lauda·

253 518 364 574 tionem
385 512 498 569 dictam
519 528 583 568 csse
606 529 627 569 a
648 511 825 584 Symmacho
848 515 878 570 in
904 517 1004 591 primo
1027 517 1121 575 lustro
1143 517 1235 592 impe·

251 620 371 676 rialium
407 615 608 674 Valentiniani
643 632 802 674 annorum.
837 616 920 674 Nam
956 616 1082 674 lustrum
1114 615 1235 695 quidem

243 731 406 799 peractum
427 730 576 778 memorat
595 717 677 794 infra
695 719 814 778 Orator.
833 718 869 776 ld
883 731 986 776 autem
1009 725 1136 800 contigit
1155 738 1234 779 anno

245 831 320 897 post
341 816 394 876 Ch.
416 819 457 879 Ν.
480 828 652 879 cccuxrtrt.
679 818 710 875 in
730 816 863 876 secundo
894 818 1096 877 Valentiniani
1111 839 1113 842 ·
1128 839 1235 880 consu·

251 919 325 978 latu.
349 922 416 979 Iam
436 920 661 980 Laudationem
682 921 811 980 alteram
832 925 950 1001 (quam
971 939 1042 978 mox
1063 922 1236 996 addemus)

250 1029 391 1084 recitauit
420 1024 613 1097 Symmachus
648 1029 681 1082 in
715 1026 920 1085 Valentiniani
951 1025 1111 1082 consulatu
1147 1030 1236 1083 tertio

247 1127 305 1198 (ut
325 1143 364 1183 ex
387 1144 425 1184 ea
446 1126 527 1183 lecta
544 1127 657 1203 patet)
679 1125 710 1182 id
731 1138 777 1183 est
796 1145 875 1184 anno
893 1124 945 1183 Ch.
958 1143 1088 1185 ccccxx.
1096 1147 1107 1196 ,-
1122 1128 1231 1202 sequi-

251 1237 303 1282 tur
324 1242 393 1304 ergo
417 1237 451 1283 ut
466 1228 603 1302 priorem
627 1227 804 1284 recitaverit
823 1245 903 1285 anno
926 1218 973 1287 uel
994 1241 1168 1286 acaunum.
1191 1224 1238 1285 uel

249 1347 397 1387 ccccxrx.
411 1330 472 1385 Sed
484 1326 558 1383 iilud
568 1325 759 1402 probabilius
764 1345 895 1408 propter
906 1329 1174 1408 quinquennalium
1189 1346 1236 1387 ce·

248 1427 420 1484 lebritatem
436 1440 468 1481 et
481 1429 576 1502 ipsum
588 1424 716 1502 Augusti
728 1426 894 1486 secundum
918 1430 1117 1488 consulatum.
1141 1429 1238 1485 Acce·

248 1524 304 1596 dit,
318 1523 400 1602 quod
414 1523 503 1602 apud
514 1524 635 1581 Groecos
653 1523 830 1582 Themistius
846 1528 876 1582 in
889 1529 1159 1604 quinquennalibus
1177 1530 1237 1584 Va·

247 1629 354 1697 lentis,
376 1645 456 1685 anno
473 1645 583 1704 nempe
599 1626 705 1685 eadem
729 1643 918 1699 aucturum,
943 1633 1082 1689 recitavit
1100 1630 1237 1687 Marcia·

247 1730 351 1806 napoli
382 1747 450 1786 eam
485 1731 663 1787 Orationem
692 1748 760 1807 qua
796 1734 839 1788 in
857 1732 1000 1793 Editiont
1021 1733 1237 1793 Haeduiniana

250 1841 391 1887 octauum
413 1828 511 1886 locum
532 1825 658 1887 obtinet.
681 1829 796 1888 Eadem
818 1833 912 1908 igitur
933 1832 972 1891 de
995 1852 1089 1892 causa
1115 1832 1237 1890 eodem·

248 1953 307 2012 que
329 1953 408 1993 anno
432 1933 515 2021 apud
525 1935 650 1991 Latinos
671 1933 883 2005 Symmachum
913 1937 944 1992 in
979 1939 1087 1994 castris
1111 1935 1238 1992 Gallicis

248 2039 393 2094 recitasse
416 2034 495 2093 hanc
508 2035 731 2094 Laudationem
754 2054 857 2095 coram
884 2037 1096 2095 Valentiniano
1119 2053 1235 2095 censeo.

250 2142 453 2203 Eratautem
474 2157 510 2196 eo
533 2154 613 2196 anno
640 2140 737 2215 plane
768 2139 888 2197 iuuenis
909 2136 1127 2210 Symmachus,
1155 2134 1239 2212 quod

249 2224 370 2300 constat
399 2259 438 2300 ex
470 2239 558 2298 dictis
589 2241 620 2296 in
650 2237 860 2314 Proefatione‚
894 2252 926 2298 et
957 2257 996 2296 est
1022 2239 1154 2295 Ausonio
1175 2239 1198 2308 (
1208 2237 1239 2294 in

249 2343 390 2421 Epistolis
415 2341 652 2416 Symmachianis
673 2341 739 2402 Lib.
755 2343 781 2399 1.
808 2343 886 2416 32.)
907 2346 959 2421 qui
974 2346 1019 2400 ait
1028 2337 1241 2416 Symmachum

249 2457 386 2504 secutum
409 2464 470 2504 esse
493 2458 631 2519 tyronem
654 2459 756 2505 castra
771 2447 947 2525 etquidem,
968 2461 1002 2506 ut
1021 2446 1143 2506 docebit
1154 2447 1238 2503 Lau·
1258 2426 1263 2433 ⁴

248 2544 335 2605 datio
369 2548 489 2616 altera,
530 2551 745 2610 Valentiniani.
782 2554 884 2625 Quare
914 2565 947 2609 et
979 2554 1085 2610 Oratio
1118 2551 1240 2613 iuuenili

250 2651 352 2727 uigore
373 2653 507 2708 exsultat
528 2663 559 2707 et
572 2649 678 2723 flaret.
1162 2649 1165 2654 ’
