2714 4410
475 313 696 360 rntcuturvu
968 328 970 333 ·
999 303 1036 364 61

94 437 168 517 plus
191 434 370 503 lucentem,
394 452 463 511 ques
487 439 520 493 in
544 439 650 495 medio
675 434 850 494 constituta
864 453 1064 515 ,gemmarum

94 557 184 595 suunt
211 528 312 593 vincit
334 550 487 594 ornatum.
854 552 857 557 ·

135 637 193 694 lll.
219 636 266 692 En
290 654 421 694 corusco
444 637 551 705 sedes,
570 654 663 712 quem
687 636 778 693 dives
801 635 891 692 ludit
913 637 1061 706 miretur,

90 739 199 799 Persis
232 754 386 818 gemmata
420 736 646 804 concelebret,
678 735 832 812 Hispanis
862 736 980 792 novilis
1014 735 1062 814 (a)

94 844 323 918 obstupescat,
357 839 412 895 ubi
449 858 557 896 roseas
593 841 732 916 virgines
765 840 926 894 intuemur
957 841 1065 914 pinnis

92 944 304 1027 rutilantibus
328 943 426 998 alatas
451 939 527 1018 (r),
551 939 662 1015 quales
685 957 857 1016 pomposas
881 941 974 995 decet
996 956 1066 995 esse

91 1048 258 1104 victorias.
281 1043 523 1122 Illurgaritarum
560 1044 637 1118 quin
672 1058 767 1099 etrum
798 1040 908 1098 lucteae
938 1060 1067 1099 coronae

92 1143 189 1202 {lexis
223 1122 299 1201 auro
337 1140 468 1199 circulis
503 1140 717 1215 pulcherrima
745 1144 944 1198 rotunditate
978 1141 1067 1199 cluu-

91 1247 223 1302 duntur.
245 1245 296 1299 Sic
320 1244 354 1296 in
377 1259 474 1317 opere
498 1254 552 1296 tuo
577 1243 705 1296 videtur
722 1241 879 1318 positum,
896 1243 981 1318 quod
1001 1241 1072 1299 sola

96 1343 239 1401 felicitas
264 1356 402 1399 meretur
424 1348 461 1397 ael
487 1346 656 1418 proemium.

96 1475 99 1479 ·
142 1441 195 1499 IV.
209 1441 380 1521 Hyacinthi
399 1441 445 1518 (b)
461 1460 587 1517 quoqne
611 1456 699 1500 taetru
724 1441 796 1500 lucc
817 1443 986 1501 vibrantes
1002 1461 1074 1501 cunt

98 1520 276 1597 luminibus
300 1536 394 1596 claris
419 1552 533 1596 mixtus
557 1556 730 1598 cernuntur
762 1545 899 1601 emicare
927 1545 1071 1622 nigredi-

94 1659 161 1698 nes.
182 1637 305 1696 Prasiui
321 1638 363 1718 (c)
382 1639 515 1696 tremula
541 1643 705 1698 viriditate
730 1641 925 1709 occludunt,
942 1641 1074 1722 lychni-

94 1759 136 1802 ιω
173 1758 304 1803 vomunt
337 1744 470 1823 frigidus
505 1741 666 1814 flammas,
703 1745 847 1822 hispanae
882 1745 1072 1821 sanguineos

33 1842 40 1854 ’
98 1841 222 1900 colores
246 1859 412 1900 emanant:
437 1856 470 1899 et
494 1862 553 1898 una
582 1845 754 1920 dispositio
789 1858 843 1900 tua
863 1850 930 1900 ‘tot
963 1846 1075 1900 diade-

95 1961 181 2007 mata
206 1946 356 2011 conficit,
380 1963 451 2018 quse
480 1920 745 1999 cunctas'muudi
769 1945 915 2000 dominas
937 1983 1072 2001 .....
1098 1932 1101 1939 ’

33 2059 36 2063 ’
96 2049 265 2106 sidereum
278 2045 325 2123 (α)
339 2046 510 2119 quoddam.
537 2082 544 2097 .
567 2084 574 2097 .
599 2084 606 2100 .
631 2057 715 2100 sunt.
739 2087 745 2101 .
771 2085 779 2100 .
803 2085 810 2100 .
833 2047 973 2120 inpigre.
998 2084 1005 2100 .
1029 2085 1036 2098 .
1062 2084 1070 2100 .

96 2167 239 2228 perenne
263 2185 397 2204 .....
420 2146 506 2220 quod
530 2137 592 2203 non
608 2184 772 2204 ......
795 2163 929 2224 praestat
951 2161 1072 2205 testate.

97 2248 180 2306 Nam
204 2289 211 2304 .
235 2290 242 2303 .
267 2288 273 2302 .
298 2246 354 2324 qui
378 2286 384 2299 .
409 2285 416 2299 .
441 2284 449 2301 .
474 2263 522 2301 re.
546 2285 554 2299 .
578 2283 585 2296 .
610 2284 617 2300 .
641 2243 750 2321 peculi
773 2246 978 2303 altitudinem
1004 2287 1011 2302 .
1036 2283 1076 2305 ..

95 2352 228 2429 propria
252 2362 302 2406 est
323 2350 478 2405 intentam
503 2347 732 2405 dulcedinem.
757 2390 765 2408 .
789 2392 796 2407 .
821 2355 981 2410 :meritos
1005 2371 1074 2410 esse

98 2469 275 2532 conspectu
299 2498 306 2512 .
330 2492 337 2507 .
357 2484 370 2509 ·.
393 2490 401 2509 .
423 2466 531 2508 essent
537 2492 673 2509 .....
697 2451 745 2510 sol
769 2455 919 2530 operibat
941 2497 1073 2514 .....

98 2578 222 2619 summu
245 2600 252 2616 .
276 2600 283 2614 .
307 2599 314 2614 .
338 2599 346 2614 .
370 2573 496 2633 semper
518 2553 586 2611 illis
609 2559 696 2631 quod
720 2574 846 2633 semper
877 2555 1075 2615 laudaretur.

96 2659 249 2719 Videmus
274 2658 358 2715 enim
384 2698 391 2713 .
415 2697 422 2714 .
446 2697 453 2713 .
476 2697 482 2712 .
515 2656 555 2711 do
578 2653 726 2712 relucent
747 2657 781 2711 in
804 2657 940 2713 amictus
963 2654 1010 2711 lut
1035 2697 1043 2713 .
1066 2697 1074 2710 .

402 2908 530 2984 Reliqua
553 2905 771 2966 desiderantur.

123 3130 152 3171 (a)
163 3129 192 3163 ln
205 3127 252 3162 css.
264 3137 300 3172 pro
313 3123 385 3161 nobilio.
401 3125 427 3169 (b)
439 3125 486 3161 cod.
497 3124 609 3173 hyacltimlti.
627 3126 651 3167 (c)
662 3124 708 3159 cod.
715 3123 809 3173 pristim,
823 3133 842 3158 tt
853 3123 941 3169 ruperint
951 3122 1028 3172 prasini.

122 3272 158 3324 (ι)
174 3269 235 3312 nou
263 3268 354 3312 cultum
379 3268 494 3329 virginum
512 3269 679 3324 Hispanus-nm.
701 3266 801 3310 Videtur·
828 3275 905 3312 tutem
934 3267 1021 3312 Orator
1038 3284 1079 3326 pc·

89 3352 175 3399 culinri
204 3352 285 3397 studio
317 3352 413 3401 laudere
440 3351 585 3403 munuum.
613 3354 643 3396 Et
669 3353 812 3396 Claudianus
840 3353 935 3412 quidem
962 3354 988 3398 de
1006 3359 1078 3416 Napi.

89 3443 174 3481 Honor.
192 3447 216 3483 et
230 3440 284 3481 Mar
310 3450 332 3477 v·
351 3449 384 3492 40
415 3434 474 3479 dicit
489 3436 600 3480 Serenam
617 3434 709 3480 sublime
727 3433 791 3478 decus
809 3437 910 3480 contritis
926 3435 993 3481 Iberi.
1020 3439 1078 3487 Turn

90 3519 155 3564 idern
170 3547 197 3587 *td
222 3524 282 3565 Laut
303 3523 350 3566 Ser.
368 3520 421 3564 fuso
437 3518 576 3574 Hispaniam
602 3518 777 3574 concelebrat,
805 3532 856 3577 qna
883 3515 1012 3563 flaccillam
1029 3524 1080 3564 Ma·

90 3602 192 3663 risuque
210 3601 271 3645 dedit
284 3600 444 3662 pulchramque
462 3604 573 3646 Serenam.

123 3698 157 3744 (α)
176 3691 290 3747 sideream
308 3692 367 3737 dicit
384 3693 496 3736 Set-snam
518 3691 661 3737 Claudianus
688 3692 714 3738 de
732 3698 803 3755 rupe.
822 3700 880 3739 Bon.
900 3705 924 3739 et
941 3698 1002 3738 Mar.
1022 3693 1080 3738 ²52.

91 3781 155 3828 item
172 3785 231 3827 taus
249 3785 296 3827 Str.
315 3793 371 3840 ²¹9·
389 3783 450 3826 Item
468 3779 538 3841 Epist.
557 3778 589 3822 nd
604 3784 650 3824 Ser.
672 3781 710 3825 58.
