2714 4410
475 316 728 371 PREFA‘PIO
945 368 946 371 ,
1007 322 1049 368 IX

112 464 183 517 tam
214 465 233 510 a
268 440 375 509 nobis
415 440 615 534 culpandus
649 441 795 510 videtur
837 439 1095 530 Symmachusq
1128 454 1131 465 ·

27 563 28 566 ’
88 534 220 645 'quam
246 551 441 647 diligenter
466 549 690 633 cavendnm,
723 574 769 617 ue
801 548 886 616 dum
916 549 995 614 eius
1019 549 1095 615 ela·
1176 547 1179 557 ’

112 662 279 730 boratam
296 661 553 754 ardentemque
569 660 775 729 facundiam
797 660 962 754 cupidius
977 679 1095 728 secta-

116 791 220 855 mur,
243 774 282 840 iu
306 770 457 839 finitima
480 771 571 840 vitia
594 771 794 839 veniamus.

160 882 331 949 V11.D1xi
356 880 400 947 de
432 879 637 971 Symmachi
667 877 816 972 ingenio
841 878 1092 969 eiusque-usu

111 989 322 1081 pler-umque
338 990 495 1083 optimo,
512 987 692 1056 interdum
710 1003 846 1068 tamen,
864 985 929 1054 sed
951 987 1090 1067 rarius,

73 1119 79 1131 '
110 1120 184 1170 non
208 1094 408 1194 probando.
441 1103 544 1169 Nunc
581 1119 621 1168 ut
652 1097 816 1179 eiusdem
852 1098 1093 1165 elocutionem

111 1218 461 1306 exornationemque
479 1210 742 1287 commendem
760 1205 849 1276 mihi
867 1209 1032 1301 profecto
1050 1231 1096 1275 ea
1173 1203 1180 1217 ”

111 1325 256 1395 videtur
291 1324 493 1407 eiusmodi,
518 1341 558 1391 ut
581 1345 694 1392 novus
720 1323 852 1390 Orator
876 1321 984 1412 plane
1010 1321 1093 1387 lati·

114 1450 197 1503 nam
232 1438 477 1528 eloquentiam
512 1437 721 1528 locupletet.
757 1435 961 1526 Numquam
995 1435 1097 1523 Sym·

114 1546 262 1614 machus
301 1549 475 1616 incultam
513 1549 715 1616 orationem
750 1548 892 1642 vulgari
927 1568 1096 1615 sermone

92 1661 239 1728 effert:
266 1682 384 1751 pure,
416 1658 630 1740 emendate,
668 1660 781 1727 latine
807 1658 982 1749 loquitur.
1019 1656 1095 1724 Etsi

113 1788 231 1839 autem
257 1786 323 1839 nee
341 1772 544 1866 fusumnec
561 1770 770 1840 redundans
788 1767 938 1837 adhibet
962 1789 1095 1864 genum·

108 1879 319 1963 immotum
341 1880 609 1972 frequentiores
634 1900 741 1947 moras
758 1877 1094 1971 respirationesque

113 1987 313 2068 delectant3
337 2006 460 2056 tamen
475 1984 636 2054 oratorio
652 2008 801 2075 prorsus
818 2002 994 2075 apparatu
1016 2006 1097 2050 sese

115 2115 268 2164 exornat
292 2095 541 2188 Symmachus,
555 2114 667 2190 atque
684 2095 729 2166 ad
746 2097 834 2164 artis
850 2096 994 2191 regulas
1018 2113 1098 2163 tum

111 2210 307 2280 verborum
332 2227 567 2294 structuram,
585 2228 660 2279 tum
677 2208 946 2303 sententiarum.
962 2228 1098 2274 nexum

111 2334 318 2388 constanter
345 2320 481 2415 exigit,
518 2337 555 2386 et
590 2319 738 2387 omnino
772 2319 932 2385 rationes
969 2334 1094 2382 omnes

110 2429 318 2514 excolendae
331 2431 508 2499 orationis
524 2433 769 2525 persequitur.
786 2428 967 2520 Exemplis
984 2428 1097 2497 etiam

107 2536 155 2603 ah
180 2535 335 2603 historia
358 2550 506 2605 romana
536 2560 725 2632 graecaque
756 2536 957 2629 desumptis
985 2561 1094 2632 argu·

105 2663 269 2715 rnentnm
292 2647 620 2742 illuminatridqne
636 2650 727 2720 adeo
746 2650 865 2743 perite
882 2667 920 2717 et
944 2651 1095 2741 copiose
1135 2694 1138 2699 <

105 2755 217 2838 facit,
234 2770 284 2852 ¹ut
306 2755 402 2824 nihil
425 2757 485 2825 illi
509 2780 582 2825 non
614 2758 775 2841 lectum,
804 2759 900 2828 nihil
934 2784 1010 2828 uon
1036 2761 1094 2828 in-

49 2894 66 2938 ),
106 2863 292 2932 tellectum
316 2866 512 2934 existimes.
536 2866 598 2934 Est
620 2868 709 2935 item
733 2893 755 2936 a
780 2868 1040 2962 philosophia.
1069 2892 1090 2936 a

106 2973 186 3040 iure
212 2975 336 3057 civili,
362 2998 447 3043 are
480 2975 654 3068 politica,
690 2975 736 3044 ab
773 2994 850 3044 arte
888 2977 1047 3054 bellica.
1074 3000 1095 3044 a

105 3086 261 3154 lectione
287 3107 469 3158 oratorum
506 3105 615 3182 atque
652 3100 876 3180 poetarum
903 3086 948 3152 ab
974 3087 1096 3152 omni·

110 3206 203 3290 gena
227 3194 429 3267 litteratura
461 3187 720 3291 paratissimus.
756 3194 853 3282 Quin
889 3210 926 3260 et
950 3191 1094 3260 fabulas

107 3306 299 3398 aliquoties
315 3331 336 3374 a
352 3309 518 3400 mythicis
540 3315 739 3390 mutuatur,
764 3303 866 3400 quod
890 3306 1010 3374 minus
1034 3309 1092 3376 ci-

109 3413 259 3493 debitur
283 3415 467 3502 insolens,
492 3421 524 3487 si
547 3417 820 3511 reputabimus,
854 3419 973 3509 ipsum
998 3417 1102 3486 Cice·

41 3560 49 3583 .,
105 3546 233 3591 runem
257 3524 296 3591 in
319 3525 541 3596 orationihus
562 3528 606 3595 ad
621 3527 799 3597 eiusmodi
825 3528 1091 3597 oblectationes

106 3654 180 3698 uon
198 3634 308 3701 semel
327 3632 523 3703 divertere.
548 3638 715 3730 Denique
732 3637 939 3707 delectandi
964 3639 1095 3730 ampli-⁶

109 3739 287 3817 ficandire
319 3747 438 3842 gratia
462 3770 483 3816 a
508 3751 697 3844 proposito
728 3775 874 3846 qnoque
910 3749 1093 3824 interdum
