2714 4410
176 342 198 401 4
407 330 528 380 crinas
550 330 588 376 in
609 328 878 380 vstrnrrnunvu

154 453 306 534 quaesivit
326 447 487 528 quidquid
510 458 582 535 ante
605 449 766 518 defendit,
790 444 933 510 servavit
956 442 1003 528 (o)
1018 457 1131 505 tenera

151 569 228 612 aetas
252 551 337 629 quod
360 561 485 628 regeret
507 561 632 606 matura
653 546 806 608 felicitas.
841 547 892 608 Ibi
922 541 1060 626 prImum
1081 557 1133 602 to-

151 652 257 711 lerans
280 648 358 708 sol—is
382 662 415 706 et
435 648 581 727 pulveris
606 666 674 705 esse
697 648 846 706 didicisti
865 647 935 726 (b),
959 649 1050 705 cuius
1075 647 1133 702 du-

151 757 226 812 dum
250 750 545 834 cunabulalllyrisc
561 752 652 812 nives
675 764 822 811 texerant
845 748 911 830 (ι),
936 755 992 830 qui
1017 767 1131 810 cstsam

151 851 288 931 glaciem
321 851 420 930 paulo
452 865 526 910 ante
558 866 740 930 putaveras.
773 850 823 907 Ita
856 847 959 909 veluti
994 854 1034 909 sd
1069 848 1135 906 alia

149 950 311 1010 elementa
333 949 506 1008 translatus
536 953 656 1011 arentis
678 950 790 1032 Libyas
820 947 863 1031 (c)
894 951 980 1008 sitim
1005 952 1133 1025 patien-

88 1067 90 1073 ’
146 1055 194 1111 tia
228 1053 275 1135 (d)
300 1056 513 1132 temperabas.
547 1054 662 1116 Prosus
690 1053 857 1136 (e)„qutsi
887 1057 927 1113 sd
951 1052 1001 1134 (f)
1029 1055 1133 1130 ipsius

146 1157 260 1213 mundi
284 1155 502 1236 gubernacula
525 1158 727 1226 destinatus,
750 1157 903 1214 mutando
926 1153 1030 1214 varias
1055 1151 1132 1233 caeli

145 1255 259 1335 plagas
282 1276 376 1314 usum
399 1258 461 1314 tibi
485 1257 627 1347 omnium
650 1258 815 1315 cardinum
844 1255 1029 1314 vindicasti.
1063 1251 1132 1309 Me-

146 1357 212 1413 rito
239 1377 303 1430 non
329 1366 436 1431 potest
465 1353 565 1408 hodie
598 1357 714 1412 obesse
737 1357 919 1432 provinciis
951 1367 1015 1412 tam
1036 1352 1133 1429 longa

149 1454 297 1512 absentis
319 1465 391 1520 tua,
415 1471 493 1530 quas
526 1435 636 1513 tuetur
667 1459 772 1532 prims
794 1459 921 1513 'notitia
944 1457 1001 1538 (g).
1037 1456 1133 1515 simi-

144 1553 208 1612 lior
231 1552 278 1634 (h)
303 1551 458 1632 Princeps
482 1566 531 1610 est
551 1552 621 1611 Deo
646 1555 769 1630 pariter
792 1556 942 1612 universa
965 1557 1129 1621 cernenti,

145 1657 204 1731 qni
227 1668 358 1712 cunctas
382 1667 490 1732 partes
512 1654 606 1712 novit
627 1655 767 1729 imperii.

186 1753 227 1811 11.
250 1779 268 1808 n
293 1755 325 1810 Si
350 1753 500 1824 litteras,
524 1756 633 1833 inquit
653 1753 783 1813 Tullius
808 1753 873 1837 (a),
896 1774 1013 1835 graecss
1031 1755 1131 1814 Athe·

143 1879 162 1912 n
187 1858 237 1912 nis
261 1876 325 1915 non
348 1856 477 1939 Lilyhei
503 1857 565 1940 (i),
587 1857 705 1916 latinas
728 1859 837 1917 Romae
860 1868 925 1919 no‘n
949 1864 983 1919 in
1015 1859 1132 1919 Sicilia

140 1981 160 2012 o
185 1959 355 2018 didicisses
371 1985 410 2030 ”3
434 1961 596 2021 videlicet
618 1981 657 2020 ex
679 1961 826 2020 locorum
849 1964 987 2040 ingeniis
1011 1968 1127 2043 adpro-

142 2058 225 2117 bans
249 2062 436 2121 ea‘nescire
461 2063 656 2132 Caecilium,
690 2082 761 2141 quos
790 2082 863 2120 eum
893 2065 975 2121 dicit
1000 2065 1058 2123 ubi
1080 2067 1130 2125 in·

140 2173 217 2216 nata
238 2181 304 2219 non
326 2177 419 2220 erant
441 2164 640 2219 adsecutum.
663 2160 737 2218 Sola
761 2174 810 2218 est
832 2164 917 2220 euim
938 2161 1129 2242 disciplina-

141 2280 213 2320 rum
236 2265 384 2343 magistra
406 2276 520 2321 natura
536 2266 714 2343 regionum.
737 2262 814 2322 Tibi
840 2267 970 2323 ardores
988 2263 1129 2323 Getuliss

140 2369 287 2428 aestivam
310 2370 588 2428 consuetudinem:
617 2368 679 2427 tibi
701 2366 825 2448 Illyrios
849 2369 973 2446 pruinas
996 2369 1126 2427 bruma-

139 2470 182 2530 lis
204 2472 349 2532 horroris
374 2472 419 2552 (k)
443 2473 649 2532 tolerantiam
682 2471 908 2542 tradiderunt:
941 2472 1068 2549 genitus
1091 2471 1128 2527 in

139 2576 317 2657 frigoribus
341 2579 496 2634 educatus
523 2575 557 2632 in
584 2572 732 2642 solibus,
757 2585 830 2630 ante
853 2571 991 2629 fortunae
1014 2589 1128 2636 mune·
1216 2658 1219 2662 Ι

138 2693 175 2732 ra
207 2681 307 2735 totius
331 2678 443 2733 mundi
473 2674 621 2751 exempla
650 2676 828 2750 sumpsisti.
861 2673 988 2747 Quarev
1007 2693 1065 2732 scu
1093 2675 1130 2732 in

140 2775 307 2853 AEthiopas
335 2790 432 2855 atque
449 2775 562 2845 Indos,
587 2790 698 2834 contra
716 2790 882 2834 externum
897 2776 1033 2835 militem
1057 2778 1128 2838 solo

139 2875 246 2933 calore
282 2879 449 2946 munitos,
482 2874 594 2934 felicia
634 2878 724 2954 signa
760 2874 963 2946 contuleris3
1001 2879 1122 2941 frustra

133 2968 177 3035 ad
201 2993 372 3038 aestuantes
405 2998 552 3038 recessus
585 2998 622 3036 ac
645 2980 766 3037 torrida
786 2991 884 3052 'astra
919 2983 1118 3060 confugient.

138 3076 212 3135 Cito
237 3079 324 3137 enim
357 3093 513 3138 terrarum
546 3078 660 3138 talium
694 3081 841 3138 dominus
865 3083 950 3150 eris,
974 3085 1029 3161 qui
1053 3086 1122 3144 vim

129 3230 1110 3256 mm,

165 3289 193 3328 (a)
207 3288 256 3323 God.
268 3287 352 3331 ematis,
361 3288 372 3323 b
381 3301 438 3337 pros.
448 3289 473 3336 (tt
482 3289 529 3326 Gotl·
543 3289 632 3327 dedititii·
653 3294 677 3333 (c)
687 3293 734 3328 God·
745 3293 815 3342 Lysia.
826 3294 852 3339 (dl
860 3296 907 3332 cad.
915 3297 1033 3348 pauentem.
1045 3300 1070 3340 (a)
1077 3299 1126 3335 cod.

140 3354 230 3392 Pramus,
248 3360 287 3388 tuni
306 3354 378 3390 iactum
391 3365 455 3401 prosto
475 3356 553 3403 antiqui
565 3357 702 3403 orthographii
715 3371 751 3404 pro
768 3371 851 3408 proruta.
874 3365 900 3408 (r)
911 3363 961 3398 cod·
979 3362 1010 3398 ab.
1034 3367 1058 3410 (3)
1071 3364 1120 3402 iisd.

135 3412 192 3448 notio
205 3414 229 3459 (li)
242 3415 289 3450 cod.
300 3414 377 3452 videtur
389 3419 461 3456 habers
473 3421 558 3459 timidior
567 3433 600 3458 ant
607 3423 695 3460 similiter.
708 3424 730 3468 (ἱ)
742 3429 771 3462 Ita
784 3426 921 3487 God3dilylsei·
937 3428 961 3471 ils)
974 3429 1019 3464 cod.
1031 3440 1110 3466 errores.

168 3598 204 3652 (ι)
222 3595 400 3646 Valentinianus
411 3609 479 3646 natus
485 3587 595 3668 ¹¹⁴creditur
606 3608 670 3663 apud
679 3608 790 3668 Cibalae,
808 3613 872 3671 quod
891 3613 975 3658 dicunt
991 3617 1123 3664 Pannonias

139 3683 256 3741 oppidum
263 3686 397 3731 Ammianus
412 3703 465 3732 xxx.
473 3686 600 3750 vallique,
614 3694 656 3737 sed
666 3695 823 3750 aSymmaclio
834 3698 908 3745 tribui
917 3700 1013 3747 videtur
1021 3702 1122 3759 Illyrias.

148 3808 150 3824 Ι
170 3765 206 3826 (a)
226 3769 303 3814 Dicin.
323 3771 346 3814 in
368 3777 427 3816 Vm.
445 3785 486 3814 xri.
527 3812 530 3821 ,

16 3942 150 4157 Ὗ,
