2714 4410
135 304 177 354 vr
236 351 290 364 e,
457 297 697 349 corrosus
784 306 800 313 -

88 446 185 493 nunc
209 421 350 493 demum
369 418 462 510 :bec
498 421 584 488 irem
620 421 770 489 inscitiae
807 417 1062 491 sordibusde·

87 555 212 626 pressa
228 532 369 622 scripta
385 548 591 624 emergunt,
609 546 645 597 et
661 528 863 618 Symmachi
888 529 1060 621 eloquen-
1084 541 1088 550 ‘

86 643 548 732 tiasinterclusarespirat.
586 642 700 714 Huius
736 641 831 706 enim
861 643 1068 731 praestantis

85 751 157 822 riri
184 768 265 818 octo
283 749 498 818 Orationum
515 745 741 840 partesmibi
766 748 804 815 in
824 748 1061 827 Ambrosiauo

83 865 321 958 ‘palimpsesto
348 863 478 931 oblatae
504 879 604 945 sunt,
630 883 783 952 quarum
807 859 952 950 quidem
966 861 1061 928 Ora·

87 973 227 1041 tionum
254 990 326 1040 tres
351 972 465 1051 veluti
490 973 691 1062 augustales
715 969 897 1050 dicemus;
922 970 1072 1062 priores,

88 1081 183 1162 enim
210 1079 298 1147 duae‘
312 1078 740 1171 ValentiniauiSenioris
759 1079 911 1174 Augusti
934 1077 1065 1144 laudes

86 1193 394 1285 complectuntur,
420 1194 525 1258 tertia
544 1191 706 1260 Gratiani
724 1188 885 1286 Augusti.
904 1188 1066 1275 Quatuor

84 1326 152 1428 pro
171 1303 319 1395 privatis
344 1298 551 1365 bominibus
579 1299 683 1368 dictae
710 1316 812 1380 sunt,
839 1319 970 1388 nempe
997 1317 1064 1387 pro

83 1415 165 1505 ipso
182 1413 343 1480 Oratoris
360 1412 480 1490 Patre,
506 1431 572 1500 pro
590 1410 780 1504 Trygetio,
798 1431 866 1499 pro
892 1406 1062 1498 synesio,

80 1543 148 1613 pro
165 1522 305 1590 Seuero.
324 1517 409 1584 Una
433 1514 591 1606 denique
616 1515 673 1584 bis
697 1518 821 1584 veluti
829 1533 879 1584 et
878 1533 1062 1610 augusta·

82 1629 215 1698 libus
205 1630 399 1699 rnterieeta
425 1646 501 1711 est
526 1651 657 1720 nempe
693 1629 886 1697 laudatio
877 1654 915 1697 ιιι
940 1629 1063 1696 Patres
1164 1644 1169 1657 ⁴

84 1740 322 1830 ‹mummpms.

1 1844 1063 1972 Μι.Μψῳῴψωψωὼηὼ-

1 1973 64 2021 ψ
87 1959 243 2051 quentiae
270 1981 350 2025 cum
376 1958 514 2052 cogito,
532 1979 607 2024 non
622 1979 769 2048 possum
795 1954 965 2045 equidem
990 1975 1065 2020 non

29 2042 260 2199 *ingenio
275 2069 409 2161 primas
449 2067 662 2136 concedere
701 2066 820 2134 Habet
851 2068 953 2134 enim
994 2068 1063 2133 iste

85 2155 215 2246 Orator
249 2175 497 2272 flagrantiam
511 2175 701 2267 quamdam
741 2177 872 2257 mentis
905 2175 1065 2270 siugula-

84 2310 185 2369 rem
223 2309 338 2378 eaque
363 2283 402 2353 fit
426 2304 466 2352 ut
501 2285 608 2353 altius
645 2285 840 2378 sepissime
876 2303 1064 2382 assurgat,

10 2452 15 2469 «.
83 2421 190 2490 quam
216 2415 255 2464 ut
280 2399 478 2465 eommunis
504 2397 652 2466 dicendi
675 2397 828 2466 facultas
846 2399 891 2466 ad
913 2399 948 2466 id
968 2400 1064 2492 aspi-

34 2512 48 2607 ᾗ
83 2535 165 2580 rare
178 2529 298 2604 queat.
314 2513 401 2584 Rem
417 2512 456 2578 in
474 2511 703 2607 panegyricis
721 2511 929 2578 acutissime
944 2510 1063 2593 videt,

10 2682 11 2687 ,
46 2679 48 2685 .
83 2647 128 2691 ex
153 2646 242 2714 qua
247 2622 324 2690 laus
351 2621 514 2713 exsculpi
539 2640 669 2714 potest
695 2624 735 2690 Ιιι
753 2622 852 2690 nullo
870 2640 967 2692 certe
985 2646 1064 2690 erus

2 2742 36 2827 ’,ζ
81 2732 195 2800 aetatis
220 2734 397 2825 scriptore
423 2734 578 2803 clariora
603 2733 780 2803 lumina
770 2737 909 2831 ingenii
933 2735 1065 2828 depre

80 2839 231 2912 bendes
268 2841 358 2909 Nam
392 2857 428 2908 et
459 2826 717 2912 similitudines
743 2867 788 2912 ex
812 2839 999 2912 sideribus
1024 2862 1062 2912 et

81 2949 288 3046 gigantibus
306 2968 413 3042 atque
440 2973 485 3018 ex
507 2951 596 3042 ipsis
621 2949 838 3019 Numinibus
854 2952 963 3043 petit,
981 2975 1065 3020 cum

1 3078 3 3082 ’
82 3082 167 3126 eum
192 3060 332 3127 scilicet
356 3059 485 3126 mentis
504 3060 661 3152 impetus
676 3061 804 3152 procul
826 3060 1063 3154 quodammo-

83 3165 129 3266 do
161 3190 181 3234 a
208 3163 314 3239 terra
338 3166 508 3259 abripit,
546 3185 653 3260 atque
690 3170 730 3236 in
766 3170 902 3238 medias
938 3169 1083 3236 laudes

83 3299 229 3343 suorum
247 3278 453 3370 Principum
472 3278 685 3347 transvehit.
702 3279 770 3347 Et
761 3305 798 3348 ιιι
813 3281 1064 3351 Valentiniani
1131 3351 1136 3355 ,

81 3386 243 3479 quidem
253 3387 525 3458 laudationibus
542 3414 664 3460 veram
694 3392 923 3492 amplumque
947 3409 1062 3459 mate-

80 3498 173 3567 riam
209 3478 287 3566 sibi
305 3498 461 3569 subiecit
489 3486 731 3593 Symmachus.
768 3503 844 3570 At
836 3527 874 3569 ιιι
899 3501 1064 3569 Gratiani

80 3608 187 3704 pueri
223 3596 431 3680 laudatione
465 3637 539 3680 non
577 3631 648 3681 tam
683 3613 837 3681 rebus
828 3613 915 3704 rpsis
953 3637 1062 3706 quam

82 3716 206 3818 verbis
242 3743 285 3788 ac
307 3743 421 3821 'paene
457 3718 622 3790 confictis
660 3721 880 3816 ornamentis
920 3723 1070 3792 animus»
