2714 4410
385 456 647 519 ORATIONIS
683 457 774 517 PRO
810 455 968 517 PATRE

523 664 824 712 ΑΝΠῙΕΝΠΠ

228 908 339 1027 Atra
358 972 474 1049 gratias
495 969 621 1028 Senatui
635 963 829 1039 Symmachus
844 984 904 1044 pro
918 960 1014 1025 Patre
1034 985 1088 1027 suo
1110 972 1164 1046 qui

187 1072 291 1129 consul
309 1086 431 1130 creatus
446 1073 565 1147 fuerat.
587 1070 709 1129 Laudes
732 1073 824 1128 etiam
847 1072 1008 1142 Gratiani,
1029 1076 1081 1150 qni
1101 1077 1162 1133 iarn

180 1174 307 1250 parenti
326 1186 532 1243 successerat,
561 1170 780 1249 complectitur.
812 1170 886 1227 Tum
904 1171 1062 1228 Maximini
1077 1192 1162 1251 prce-

180 1271 260 1348 fecti
295 1291 467 1352 oppressam
501 1275 646 1331 saoitiam
685 1286 919 1344 commemorat,
952 1286 983 1329 et
1010 1275 1078 1333 naci
1110 1277 1164 1334 im-

179 1374 264 1451 perii
270 1371 450 1446 felicitatem
462 1371 660 1431 concelebrat.
671 1373 794 1429 Patrem
807 1372 944 1430 Oratoris
958 1374 992 1430 L.
1004 1375 1163 1434 Avianium

182 1474 393 1547 Symmachum
424 1477 570 1533 consulem
596 1474 694 1550 fuisse
726 1472 887 1530 constabat
908 1490 947 1530 esc
968 1476 1170 1551 inscriptione

183 1574 268 1653 apud
291 1577 452 1657 Gruterum
467 1596 501 1654 p.
517 1593 647 1634 ccccxx.
665 1575 692 1632 3.
713 1593 780 1651 qua
802 1574 954 1649 inscriptio
972 1575 1077 1650 posita
1092 1572 1161 1648 fuit

181 1690 292 1736 statua
313 1697 430 1748 aurea,
452 1699 518 1758 qua
533 1693 579 1738 est
593 1678 690 1737 eidem
704 1677 847 1743 decreta,
864 1677 1011 1734 Gratiano
1028 1679 1160 1757 Augusto

181 1793 249 1835 ιω.
266 1791 298 1835 et
308 1779 495 1839 Merobaude
512 1777 696 1848 consulibus,
717 1778 795 1835 idest
810 1775 861 1836 Ch.
875 1796 954 1836 anno
971 1793 1155 1837 ccccxxrsr.

178 1880 272 1957 citata
301 1884 331 1937 in
361 1881 418 1939 hac
442 1884 587 1938 Oratione
619 1879 656 1936 de
677 1877 845 1949 Symmachi
871 1881 972 1955 patris
1000 1882 1160 1939 consulatu

180 1996 280 2056 nuper
299 1984 370 2039 inito
399 1985 545 2045 recitata,
562 1982 656 2056 piane
678 1979 789 2035 dicitur
808 1981 869 2035 iam
889 1993 1023 2040 mortuus
1050 1984 1158 2043 Valen-

182 2083 345 2151 ‘tinianus3
381 2097 451 2160 ergo
485 2081 656 2138 consulatus
677 2079 848 2151 Symmachi
870 2085 970 2160 patris
997 2085 1105 2143 incidit
1129 2091 1161 2148 ia

181 2201 295 2243 annum
315 2185 364 2246 acl
385 2202 549 2245 ccccxxv.
581 2186 628 2246 ael
648 2201 826 2245 ccccxxrrs.
848 2188 999 2263 ,qnoniam
1029 2189 1160 2249 Valenti-

185 2287 295 2346 nianus
324 2284 379 2345 sab
411 2288 526 2345 ercitum
558 2287 632 2343 anni
664 2303 816 2345 ccccxxv.
844 2287 935 2345 vitam
967 2281 1034 2346 cum
1061 2303 1160 2350 morte

184 2391 385 2461 commutauit.
573 2468 576 2475 .

224 2493 291 2549 Etsi
324 2503 425 2549 autem
456 2491 515 2549 hac
550 2509 667 2568 quoque
705 2493 870 2561 Oratione,
891 2493 962 2570 item
984 2505 1020 2552 ut
1042 2512 1160 2572 prace-

183 2588 296 2660 dcnte,
325 2595 435 2669 gratia
465 2603 599 2668 aguntur
622 2608 682 2667 pro
715 2589 873 2648 consulatu
900 2591 1042 2663 conlato,·
1071 2611 1158 2652 nemo

181 2694 350 2772 suspicetur
370 2711 461 2751 unam
482 2711 545 2750 esse
562 2695 742 2751 Orationem.
764 2695 885 2752 Diserte
909 2698 986 2754 enim
1001 2700 1031 2754 in
1044 2698 1155 2758 Codice

181 2791 235 2850 iila
255 2789 378 2852 Laudes
401 2795 436 2854 ia
457 2790 590 2861 Patres,
612 2791 676 2850 hac
696 2789 757 2850 Pro
780 2789 873 2851 Patre
895 2794 1079 2858 inscribitur.
1150 2864 1154 2875 ¹
