2714 4410
271 272 314 344 34
650 283 822 329 nsvors

253 400 376 461 litteris
411 407 588 476 occupatus
621 395 689 480 (1)i
716 402 822 461 otiosa
848 422 920 462 cum
940 345 1073 469 bellicis
1095 408 1233 484 negotis

251 506 425 569 miscuisti.
456 503 603 579 Agnosco
625 504 660 560 in
683 516 714 561 te
742 522 807 566 non
837 509 1026 570 adumbrata
1059 509 1233 586 vestigiis,

254 610 313 665 scd
335 620 486 680 expressa
508 615 655 659 veterum
678 604 769 682 signa
800 604 967 664 virtutum.
995 605 1118 686 Nempe
1153 605 1235 666 Ful-

250 711 342 770 vium
357 704 510 764 Nobilem
526 718 591 764 tam
607 703 702 767 laude
727 724 821 783 quam
844 710 975 773 nomine
998 709 1084 767 inter
1104 707 1234 786 aquilas

252 821 431 886 cantusque
463 806 617 866 lituorum
644 823 826 887 praeceptor
857 809 977 869 Ennius
1002 810 1056 892 (a)
1076 813 1235 889 frequen-

249 911 343 967 tavit.
373 909 558 968 Africanum
594 906 689 967 illum
722 921 806 967 terro
833 911 977 986 morique
1002 917 1158 968 victorem
1182 909 1236 993 (3)

250 1007 406 1081 lectionis
439 1015 602 1090 particeps
634 1025 666 1070 et
702 1011 825 1070 laboris
862 1011 1020 1077 Panaetius
1053 1033 1119 1072 non
1149 1015 1236 1076 reli—

252 1116 326 1189 quit
348 1110 407 1191 (a).
432 1113 512 1173 Cum
550 1135 662 1195 magno
687 1114 871 1174 Alexandro
907 1118 1100 1181 mundanam
1138 1135 1237 1194 paene

249 1215 404 1274 militiam
435 1216 634 1277 filosoforum
658 1215 704 1296 (b)
729 1221 903 1298 comitatus
940 1218 1047 1298 exegit
1078 1216 1135 1297 (4).
1166 1216 1237 1281 Iam

252 1317 414 1373 credimus
438 1319 616 1382 vetustati,
640 1335 712 1374 oum
736 1320 771 1376 in
795 1321 897 1381 isdem
922 1320 1068 1378 tentoriis
1091 1320 1156 1377 tuis
1180 1337 1236 1393 vo-

250 1413 375 1473 lumius
390 1431 425 1474 et
439 1436 525 1476 arma
548 1429 737 1476 tractentur.
761 1421 829 1479 Nec
853 1424 944 1483 deest
965 1428 1051 1500 quod
1072 1444 1130 1503 pro
1151 1442 1234 1483 cou—
1320 1420 1323 1425 ’

251 1515 383 1575 dicione
427 1533 535 1579 rerum
579 1526 824 1593 temporumque
859 1538 1062 1596 percenseas.
1081 1523 1234 1581 -Historis

250 1613 430 1683 oblecteris
452 1614 513 1695 (c),
535 1617 570 1674 in
592 1617 718 1694 proeliis
743 1621 971 1682 adhortatione
992 1622 1057 1704 (d),
1079 1622 1232 1681 suasoriis

251 1716 438 1773 actionibus
468 1719 502 1774 in
532 1716 733 1794 conloquiis,
761 1721 959 1778 carminibus
987 1725 1023 1781 in
1049 1719 1234 1797 triumphis.

255 1862 257 1866 s
294 1818 384 1878 VIII.
417 1818 527 1878 Sentio
550 1839 600 1878 me
623 1823 664 1879 od
687 1822 837 1901 exempla
858 1821 1009 1883 Veterum
1036 1823 1234 1900 tempestive

255 1944 326 1986 ,esse
360 1921 639 2001 dilapsum-Iure
671 1927 770 2001 igitur
804 1943 843 1981 ex
879 1925 1049 1985 annalium
1077 1924 1238 2007 memorie

253 2021 390 2102 Pompei
415 2025 579 2103 usurpabo
602 2042 768 2101 responsa.
785 2023 816 2081 Is
840 2029 982 2100 equestri
1000 2043 1097 2082 censu
1115 2044 1236 2102 equum

259 2129 301 2186 (Ie
333 2148 423 2187 more
455 2129 648 2194 traducens,
671 2144 743 2183 cum
764 2124 849 2182 forte
872 2124 1134 2204 interpellaretur
1155 2143 1240 2183 voce

275 2295 303 2336 (a)
317 2293 364 2328 cod.
381 2293 465 2340 reliquid.
485 2293 511 2335 (b)
528 2294 557 2328 Ira
570 2289 617 2325 cod.
636 2301 695 2334 saepe
709 2289 729 2335 s.
741 2298 778 2334 pro
793 2287 829 2335 pls.
843 2286 879 2323 ssd
895 2299 934 2325 uon
952 2297 1043 2333 semper,
1063 2297 1083 2324 et
1095 2286 1174 2334 quidem
1192 2297 1238 2322 mox

253 2353 353 2404 tritaruphis.
371 2355 396 2400 (r)
410 2354 456 2388 cod.
468 2351 575 2388 oblectaret.
591 2350 618 2396 (ci)
630 2349 677 2385 (Iud.
690 2349 709 2384 ua
721 2347 841 2385 adoneum.

285 2499 322 2562 (1)
339 2502 521 2548 Valentinianus
540 2501 593 2560 ipse
619 2507 688 2559 pater
715 2497 780 2556 apud
808 2496 955 2541 Immunem
971 2507 1045 2539 xxvrr·
1064 2493 1087 2539 ⁶.
1104 2494 1164 2541 (licit
1180 2495 1241 2541 Gra·

248 2587 341 2632 tiauum
357 2586 498 2632 humanitate
515 2595 537 2630 et
552 2583 632 2629 studiis
649 2578 815 2642 direpturum
830 2575 953 2623 solatium
965 2576 1072 2637 peritum.
1092 2577 1246 2634 Symmachus

252 2670 330 2728 Epist.
348 2681 388 2711 ar.
415 2667 457 2710 lib·
475 2681 491 2708 r·
509 2671 580 2708 vocat
607 2663 786 2708 eruditissimum.
804 2661 859 2704 Fuit
885 2669 962 2705 autem
989 2660 1116 2703 Gratianus
1134 2660 1242 2705 alumnus

252 2750 370 2805 Ausonii,
388 2763 400 2792 a
418 2763 466 2806 quo
483 2747 542 2790 item
558 2743 584 2786 in
605 2742 740 2784 Gratiarum
757 2741 857 2784 Aetione
878 2740 1015 2798 appellatur
1034 2739 1181 2786 doctissimus.
1231 2754 1235 2763 ·

285 2835 322 2886 (a)
339 2831 422 2873 coma
438 2843 485 2886 pro
503 2827 590 2871 Ennius
606 2826 681 2869 hahet
698 2826 795 2882 Accius,
813 2824 939 2868 manifesto
951 2827 1047 2870 mendo.
1064 2827 1122 2872 Nan
1136 2830 1240 2887 primm

248 2920 302 2978 ipse
319 2931 344 2962 sa
363 2915 488 2960 refelleret
504 2911 666 2970 Symmachus,
684 2909 770 2971 quiin
786 2908 895 2968 Epistola
908 2910 938 2954 ael
953 2911 1083 2956 Ausonium
1105 2925 1146 2957 aa.
1164 2915 1209 2961 lib.
1221 2928 1246 2959 ι,

252 3003 330 3049 utitur
348 3001 414 3047 hisee
434 2999 519 3045 iisdem
538 2995 655 3054 exemplis
675 2995 747 3040 E'uuii
765 3004 788 3040 et
805 2995 900 3054 Fulvii,
921 2992 1060 3041 Panaetii'et
1075 2998 1182 3044 Africani
1194 3009 1246 3047 etc.

180 3093 183 3100 ’
248 3092 308 3135 'sum
324 3086 428 3134 Ennium
455 3084 564 3148 adiungit
591 3083 677 3128 Fulvio
694 3083 782 3129 Cicero
804 3099 847 3144 pro
876 3083 959 3128 Archia
976 3097 1009 3130 xr.
1027 3097 1050 3130 et
1070 3088 1157 3133 Tuscul.
1175 3090 1196 3134 1.
1220 3103 1247 3136 a.
1270 3131 1272 3137 ,

250 3173 361 3234 Denique
380 3170 468 3217 Accius
491 3187 504 3215 a
529 3167 559 3214 D.
577 3167 725 3223 Hieronymo
743 3166 788 3222 (in
804 3165 944 3220 Chronico)
970 3177 1037 3213 natus
1062 3154 1270 3217 dicitur-Mans

252 3259 312 3303 'cino
332 3269 356 3301 et
368 3258 470 3303 Serrano
481 3255 621 3303 oonsulibus
641 3259 651 3310 (
666 3253 738 3299 Urbis
757 3253 835 3317 584.)
854 3269 940 3313 nempe
954 3271 1017 3301 anno
1034 3271 1082 3301 xix.
1091 3267 1147 3316 pest
1163 3260 1247 3308 Fulvii

255 3342 378 3388 victorias.

255 3447 258 3451 ν
284 3425 319 3478 (3)
346 3421 459 3484 Intellige
486 3423 625 3468 Africanum
653 3422 789 3475 minorem,
818 3433 843 3466 at
868 3423 954 3469 confer
980 3427 1129 3472 Paterculun
1154 3429 1198 3475 ho.
1228 3445 1247 3479 r.

253 3527 280 3557 oa
301 3543 306 3555 .
323 3526 373 3554 xus.
395 3513 417 3555 3.

281 3526 327 3649 1in)
345 3592 373 3637 V.
390 3593 532 3636 Ciceronem
545 3607 590 3652 pro
610 3590 695 3636 Archia
712 3606 735 3636 x.
752 3591 793 3635 Hit
813 3602 892 3636 autem
918 3598 1030 3655 exemplis
1049 3598 1122 3643 Ennii
1145 3598 1247 3645 Panaetii

255 3691 280 3728 et
295 3678 500 3741 philosophorum
518 3679 571 3723 aine
589 3679 663 3724 dubio
678 3680 831 3735 Symmachus
849 3681 919 3726 stiam
943 3683 1047 3728 Ausonio
1073 3684 1181 3729 Gratiani
1197 3684 1247 3729 Iria·

255 3771 329 3833 gistro
350 3767 449 3829 oblique
468 3767 598 3813 aduletur:
626 3767 692 3826 quod
718 3767 815 3826 quidem
839 3768 987 3827 apertissime
1012 3770 1071 3815 iacit
1093 3771 1121 3814 in
1135 3770 1246 3828 Epistola

257 3872 286 3903 αἱ
306 3857 363 3903 libri
388 3871 406 3899 ¹.
1025 3876 1030 3902 t
