2714 4410
263 320 283 376 6
497 333 620 379 usvnss
642 334 678 377 ru
699 333 972 381 rstsurrurtrvn

242 460 441 540 conplexus,
468 477 509 514 ue
533 468 588 514 sut
611 460 645 516 in
668 476 731 516 uno
756 477 828 536 spes
853 471 952 518 staret
974 460 1130 540 imperii,
1163 476 1219 520 aut

240 571 276 628 in
298 568 425 625 dnobus
447 575 532 621 esset
555 581 652 622 carisa
675 564 820 621 certandi
845 561 857 637 (
879 562 903 642 ).

282 667 333 725 IV.
356 665 426 722 Huc
449 665 576 723 accedit
598 665 683 741 quod
702 682 775 722 cum
790 665 853 721 duo
870 667 935 721 sint
950 665 984 722 in
999 666 1136 744 imperio
1155 681 1223 742 gra·

241 750 300 829 dus
324 768 395 848 (a),
429 767 509 828 ilico
532 769 566 825 in
589 768 781 825 Germanum
805 779 837 824 et
869 769 993 845 pariter
1028 769 1223 850 contulisti,

239 876 328 950 quod
351 890 488 931 noveras
510 874 562 931 bis
584 891 681 951 posse
714 873 870 950 praestari.
909 873 997 930 Adeo
1023 892 1064 930 ne
1088 875 1223 952 gratiam

238 976 370 1052 quidem
395 986 534 1049 captas,
556 987 592 1030 ut
614 993 632 1030 a
655 973 810 1051 perfectis
832 969 1003 1032 beneficiis
1027 992 1155 1050 semper
1176 976 1225 1032 iu·

239 1071 354 1150 cipias.
377 1073 491 1152 Exigui
515 1074 613 1131 animi
638 1078 725 1132 vices
748 1092 915 1132 munerum
938 1073 1141 1151 partiuntur,
1163 1087 1221 1132 tuo

237 1173 423 1233 liberalitas
457 1176 630 1232 desideriis
653 1172 736 1232 nihil
770 1173 921 1252 reliquitz
954 1175 1156 1250 maximeque
1188 1173 1224 1231 in

236 1274 468 1351 Imperatorem
491 1273 641 1330 faciendo
668 1272 924 1354 magnitudinem
946 1278 1043 1356 regiae
1065 1274 1223 1353 largitatis

234 1377 338 1430 minui
361 1371 537 1429 crededisti
562 1369 636 1446 (a),
664 1373 691 1426 si
716 1392 788 1432 cuni
811 1378 975 1451 insperate
998 1377 1223 1442 concederes,

235 1477 341 1532 adhuc
358 1472 515 1549 speranda
534 1469 678 1529 differres
696 1472 754 1552 (b).
769 1473 852 1553 Ergo
871 1477 1047 1554 Angustum
1063 1481 1133 1554 peri
1152 1478 1222 1535 iure

236 1572 416 1632 confirmas.
432 1570 559 1629 Curasti
575 1590 615 1630 ne
628 1590 778 1648 umquam
794 1574 857 1632 tibi
874 1585 1043 1650 suspectus
1056 1589 1154 1640 esset,
1169 1574 1221 1628 cui

234 1695 299 1732 non
322 1670 484 1748 reliquisti
508 1673 597 1746 quod
619 1668 704 1727 ultra
728 1684 840 1748 optare
864 1673 1010 1730 deberet.

278 1773 314 1829 V.
337 1773 420 1830 Hinc
443 1771 593 1849 plerique
622 1774 827 1852 principum,
851 1795 933 1852 quos
956 1779 1116 1835 secundos
1133 1791 1223 1833 crea·

232 1890 369 1943 verant,
403 1875 496 1952 quasi
530 1873 663 1934 aemulos
697 1897 770 1936 mox
804 1881 975 1938 timebant.
1008 1879 1108 1958 Urget
1136 1880 1223 1938 enim

234 1980 442 2056 potissimum
475 1982 659 2056 expectatio
683 1986 927 2058 proximorum:
958 1994 1150 2062 semperque
1174 1988 1219 2043 si-

192 2075 196 2085 ¹
232 2082 322 2141 milis
345 2082 507 2144 invidenti
531 2096 602 2152 est,
627 2086 680 2142 cui
704 2100 852 2163 superest
868 2087 954 2163 quod
977 2088 1130 2164 requirat.
1153 2087 1222 2145 Nec

232 2189 323 2246 istud
339 2188 474 2255 nimium
490 2186 631 2263 gratiosa
645 2199 700 2242 aut
714 2187 867 2265 populari
878 2188 1090 2247 festinatione
1102 2188 1221 2247 fecisti:

235 2277 422 2348 iamdudum
445 2301 562 2346 cuncta
585 2304 736 2366 expertus
753 2291 787 2346 in
802 2290 912 2349 Fratre
936 2310 1007 2368 quae
1031 2294 1086 2350 diu
1111 2289 1241 2370 euplo·=

234 2408 346 2453 rantur
366 2396 400 2452 in
416 2391 587 2450 Caesarem.
609 2392 823 2452 Dubitaretur
846 2396 885 2451 de
909 2393 1032 2452 iudicio
1056 2407 1135 2461 tuo,
1158 2393 1224 2452 nisi

230 2496 271 2554 ab
295 2494 469 2553 inmodicis
493 2493 691 2552 inchoasses.
714 2492 830 2551 Statim
852 2496 1075 2572 perspeximus
1092 2475 1221 2572 qunlem

231 2592 417 2673 Principem
440 2593 584 2669 legeres,
615 2607 787 2670 postquam
810 2595 1023 2672 cognovimus
1056 2595 1142 2670 quod
1165 2594 1222 2651 ni-

232 2695 283 2752 hil
307 2698 370 2754 tibi
394 2695 486 2770 quasi
511 2691 673 2751 sollicitus
696 2714 885 2752 reservares.

276 2797 328 2856 VI.
352 2796 453 2872 Siqua
469 2795 562 2873 ¹inter
585 2803 733 2873 cognatas
750 2796 900 2855 Caelitum
916 2808 1093 2874 potestates
1107 2798 1221 2856 huius·

233 2906 323 2961 modi
356 2913 442 2959 esset
474 2892 637 2976 aequatio,
669 2901 804 2978 paribus
837 2919 910 2958 cuns
944 2898 1013 2958 sole
1039 2899 1218 2963 luminibus

259 3203 286 3245 (a)
297 3205 326 3239 Its
339 3202 385 3238 Gsd.
398 3198 501 3237 credidisti.
518 3200 545 3244 (b)
556 3201 604 3237 eod.
614 3199 691 3248 differis.

265 3465 300 3516 (1)
318 3463 394 3519 Quum
411 3461 593 3508 Valentinianus
620 3464 758 3526 adigeretur
785 3467 814 3510 ab
841 3468 948 3514 exercitu
966 3472 997 3514 nd
1015 3471 1105 3514 socium
1122 3469 1221 3529 imperii

235 3549 401 3611 deligendum,
419 3548 563 3594 deliberavit
587 3565 645 3594 nunt
675 3562 813 3598 extraneum
840 3571 870 3599 sn
897 3556 1004 3602 Fratrem
1028 3557 1152 3604 Valentem
1171 3562 1219 3607 sibi

228 3632 349 3679 sociaret(
359 3633 407 3676 nm.
430 3647 495 3677 xxvi.
510 3644 534 3674 2.
552 3641 575 3678 et
593 3647 616 3692 4.
626 3638 645 3686 ).
662 3635 768 3681 Fratrem
777 3649 855 3683 antem
868 3639 1025 3698 preoptavite
1044 3641 1077 3685 sic
1097 3641 1160 3687 eninr
1172 3659 1221 3688 nee

229 3717 256 3761 in
273 3733 322 3762 uno
340 3731 394 3774 spes
408 3727 482 3762 staret
497 3719 609 3777 imperii,
626 3735 672 3764 nse
690 3723 716 3767 in
733 3723 826 3769 duobus
845 3735 907 3770 esset
924 3741 994 3770 sauss
1011 3728 1141 3775 certandi..

265 3803 300 3855 (s)
319 3800 409 3858 Nempe
427 3800 524 3848 Castris
543 3809 567 3846 et
585 3803 692 3865 Augusti.
