2714 4410
221 255 263 357 46
617 294 762 340 onnrro

241 419 297 479 IX.
318 420 402 479 Bene
425 417 524 498 igitur
556 429 635 495 aput
662 431 719 470 voe
751 411 856 469 locata
879 422 929 469 est
954 407 1059 468 tutela
1090 409 1178 469 ·R·P·

199 519 315 580 Pacem
348 521 542 578 innocentiae
574 516 783 583 reddidistis,
820 514 973 592 abrogata
1000 525 1049 570 eet
1070 525 1181 572 exter-

197 622 249 678 nis
285 620 428 676 moribus
466 617 513 698 (1)
550 620 601 677 vis
633 617 801 684 nocendi,
835 616 938 675 crevit
973 614 1182 691 principatus

198 720 274 796 quia
298 719 410 778 liberis
434 719 617 794 imperetis,
641 731 763 774 tantum
786 713 1000 792 potestatibus
1022 725 1182 790 qnantum

196 817 324 898 legibue
347 820 436 877 licet.
469 816 576 877 Nullae
609 819 673 875 iam
705 815 826 894 nuptiae
860 833 947 872 cassa
971 813 1018 893 (n)
1041 827 1181 891 parente

196 919 396 994 iunguntur,
422 938 482 976 nec
515 919 622 978 funeri
655 919 801 976 succedit
837 915 1038 994 hymeneus,
1069 932 1182 990 neque

194 1019 342 1081 flammea
380 1021 480 1079 vestis
517 1034 586 1078 atre
618 1033 769 1078 mutatur.
804 1017 963 1075 Credetne
997 1017 1181 1094 posteritas

196 1117 275 1179 olim
313 1117 390 1175 talia
421 1119 522 1183 fuisse
559 1121 703 1185 iudicia,
727 1137 800 1196 quae
823 1119 964 1177 conubia
996 1114 1184 1179 satellitum

195 1239 324 1278 snorum
341 1235 505 1279 sacrarent
525 1223 658 1299 auspice
674 1220 834 1301 pugione?
850 1223 995 1300 spineam
1010 1221 1113 1279 facem
1125 1218 1178 1301 (a)

194 1325 235 1381 de
266 1342 342 1401 rogo
377 1326 534 1381 damnatae
567 1326 678 1384 matris
704 1323 752 1404 (3)
775 1328 989 1386 incenderent
1018 1325 1088 1407 (b)t
1122 1341 1181 1386 aut

193 1421 372 1479 ululatibus
417 1421 596 1479 adultarum
642 1426 787 1483 carmina
826 1428 1019 1487 fescennina
1062 1426 1177 1485 misce·

193 1535 267 1580 rent
290 1519 357 1600 (c)l
380 1521 466 1597 Quid
498 1519 620 1606 loquar¹
645 1522 781 1581 crimina
815 1508 954 1585 necdum
978 1523 1088 1585 dolata
1109 1527 1177 1583 iarn

192 1628 351 1693 vendita,
373 1639 407 1683 et
428 1626 559 1683 humani
592 1628 756 1702 sanguinis
788 1627 980 1693 auctiones,
1014 1636 1069 1681 ant
1098 1638 1173 1681 eru·

194 1728 282 1784 ditos
320 1728 354 1783 in
389 1727 591 1783 mendacium
626 1743 727 1793 reos,
765 1737 799 1782 et
830 1726 1029 1784 subornendi
1065 1717 1175 1779 artefi-

195 1844 248 1883 ces
270 1820 339 1903 (d),
365 1821 518 1885 ianitores
542 1836 690 1893 veteres,
715 1822 888 1882 calumnias
911 1841 1035 1892 novas,
1061 1837 1177 1900 poenae

192 1929 254 1984 sine
286 1924 458 1991 crimine,'
481 1927 551 1983 sine
588 1937 776 1981 accusatore
813 1924 959 1992 iudicia,
994 1924 1064 1980 sine
1101 1923 1177 1979 iure

191 2021 392 2082 sententias?
418 2021 593 2083 Fortunata
616 2033 722 2090 esset,
755 2023 872 2099 optimi
903 2021 1096 2099 Principes,
1128 2032 1181 2080 ter

195 2139 370 2204 quaterque
402 2124 611 2199 respublica,
645 2124 673 2179 ei
706 2122 812 2181 adhuc
844 2120 1080 2199 promitteretis
1103 2138 1179 2197 quae

198 2256 1186 2287 m-——n-u--u-—m-——p

219 2336 245 2379 (a)
257 2336 304 2371 cod.
321 2335 383 2382 prim
395 2339 589 2371 nnnncnrusnnn
608 2330 680 2367 terrun
701 2341 760 2366 emsa.
782 2330 813 2365 eie
831 2330 872 2367 fere
885 2327 1109 2375 ridetnrlntelligendns
1121 2328 1181 2365 luens

193 2403 343 2440 Meminerant.
354 2408 372 2445 4,
384 2399 425 2434 Μ,
434 2398 478 2436 Viro
485 2393 510 2444 fit
518 2408 583 2432 ιωιηα
590 2420 596 2439 ,
609 2395 687 2442 extent
699 2393 821 2432 menineris.
832 2395 907 2440 Nempe
925 2393 964 2430 virs
972 2389 998 2439 fit
1011 2403 1072 2427 emsa.
1089 2391 1116 2437 lb)
1128 2391 1184 2428 code

194 2467 296 2510 incendere,
313 2469 338 2512 (e)
350 2466 397 2502 cod.
410 2463 487 2500 annin.
505 2463 532 2506 (d)
544 2465 573 2498 lte
592 2462 639 2498 eod.
651 2473 687 2510 pec
701 2458 789 2509 artifices.

198 2561 1178 2592 ..Μ-...ιι-

219 2655 255 2707 (1)
272 2648 389 2695 Nimirum
405 2647 511 2693 barbnrie
529 2663 572 2695 een
589 2647 674 2693 alienis
692 2623 847 2693 snobilitste
865 2648 972 2692 moribus
984 2645 1125 2705 Maximini,
1136 2647 1177 2708 qni

188 2735 356 2781 obscurissime
376 2735 430 2780 loco
449 2746 517 2780 ortus
536 2745 587 2778 erat
606 2743 666 2777 teste
685 2734 807 2779 Ammiano
825 2746 910 2776 nvrn.
932 2745 954 2776 1.

223 2817 258 2878 (a)
277 2838 290 2859 s
309 2819 383 2875 Spina
408 2820 507 2881 (inquit
531 2819 622 2862 Niniue
647 2819 707 2864 niet
734 2820 778 2863 lib.
798 2819 836 2862 16.
863 2827 919 2862 sect.
946 2821 1014 2874 ic.)
1039 2823 1178 2883 nuptiarum

186 2924 199 2949 s
220 2908 309 2954 lacibus
327 2907 532 2965 inopinatissima,
558 2905 672 2968 quonism
697 2905 755 2950 inde
780 2903 884 2949 iecerint
904 2912 1012 2961 pastores
1031 2908 1074 2968 qni
1091 2923 1183 2968 repns-

185 3015 200 3036 »
220 2993 409 3052 nuntiabitur,
426 3005 454 3040 ut
471 3003 555 3040 aneton
574 3001 610 3042 eet
626 2992 745 3043 Matutine
763 3012 788 3037 »-

221 3081 256 3135 (3)
275 3079 359 3124 Innuit
377 3081 462 3124 Orator
483 3076 592 3136 Anepsiae
609 3076 762 3134 supplicium.
784 3075 829 3118 lies
847 3073 880 3118 ita
897 3091 923 3120 se
949 3078 1040 3122 hebuit.
1068 3080 1183 3125 Maximi.

185 3181 230 3211 nus
247 3166 377 3229 prefectos
392 3178 492 3210 emona
509 3162 645 3226 Aginatium
667 3163 770 3220 perdere
797 3162 939 3209 decreverat
966 3166 1086 3211 homiaem
1102 3169 1182 3213 nobi-

186 3253 300 3298 lissimum
319 3265 344 3299 et
367 3252 412 3297 sibi
439 3250 571 3296 inimicum.
599 3252 628 3295 Id
650 3259 677 3296 ut
703 3248 903 3294 aanentininno
929 3251 1085 3310 impetraret,
1105 3253 1179 3299 illn'nt

187 3336 303 3380 adulterii
320 3345 345 3380 et
361 3334 472 3381 ueneficii
488 3334 653 3391 insimulavit,
669 3332 761 3376 indicio
787 3333 845 3378 falec
869 3349 925 3379 usus
952 3335 1081 3392 Anepsiae,
1109 3336 1180 3382 euius

183 3414 278 3459 feminee
295 3415 368 3462 filiam
385 3416 527 3461 Maximinus
544 3416 595 3462 filio
613 3431 656 3460 eun
674 3415 868 3471 desponsaverat.
887 3419 923 3462 Ita
941 3417 1066 3476 impetrate
1077 3420 1181 3464 damna-

188 3497 255 3543 tione
279 3498 400 3559 Aginati,
417 3498 558 3544 Maximinus
582 3499 664 3544 eadem
678 3499 795 3543 sententia
814 3500 945 3545 damnatam
973 3502 1101 3560 Anepsiam
1119 3517 1181 3561 quc-

188 3606 236 3652 qne
254 3586 342 3633 occidit
361 3590 369 3642 <
379 3588 453 3631 Auem.
469 3599 551 3637 sxvrrt·
569 3589 617 3639 1.).
636 3586 713 3644 etque
733 3587 782 3630 hee
802 3595 858 3630 sunt
873 3586 957 3631 funera
974 3586 1047 3632 mixta
1065 3588 1179 3646 nuptiis,

189 3691 241 3736 qne
267 3673 417 3732 Symmachus
435 3673 539 3717 oratorie
565 3672 693 3729 deplorat,
720 3673 755 3719 uti
779 3674 869 3720 Trallius
892 3689 935 3735 pro
962 3666 1058 3722 clamne
1087 3687 1112 3722 et
1134 3692 1180 3738 pre

188 3769 279 3809 Statue.
