2714 4410
477 333 640 382 serrorum
662 332 831 381 svevsrvsr
852 315 879 377 1·
1046 336 1051 342 ·
1138 342 1158 400 7

191 455 308 536 globus
331 453 451 513 sororis
476 453 523 532 (a)
549 455 695 511 arderet:
723 471 783 510 nec
821 452 919 510 radiis
941 443 1051 510 fratris
1075 454 1180 512 obno-

192 559 246 616 xia
279 558 463 634 precarium
496 552 542 632 (b)
577 566 709 630 raperet
740 552 818 611 luna
848 552 1020 633 fulgorem.
1058 553 1181 613 Iisdem

169 653 365 717 curriculis
398 670 569 735 utrumque
604 661 691 717 sidus
720 671 925 738 emergeret,
958 659 1030 736 peri
1065 675 1180 718 exortu

192 762 278 817 diem
312 775 460 836 germane
493 774 691 827 renovaret,
725 778 783 836 per
817 761 945 818 easdem
979 758 1051 820 eseli
1075 758 1179 819 lineas

190 858 371 918 labereturz
395 878 454 916 uec
479 872 643 917 menstruo
668 861 757 938 pigre
782 861 931 917 discursu
953 875 1010 918 sut
1031 865 1065 917 iu
1088 878 1180 918 sene·

192 962 316 1018 sceudo‘
334 958 378 1039 (c)
405 962 510 1020 verius
534 971 674 1017 mutaret
698 960 815 1040 effigies
839 959 913 1040 (d),
949 962 1061 1017 autin
1085 980 1176 1018 rens·

191 1063 309 1118 scendo
335 1078 450 1137 parvas
474 1072 642 1136 peteretur
664 1071 785 1118 aetates.
818 1061 901 1117 Ecce
925 1063 1059 1119 formum
1080 1061 1180 1118 bene-

187 1163 256 1224 ficii
280 1166 328 1222 tui
354 1177 440 1221 astra
462 1165 625 1249 'nesciunt
657 1162 824 1222 aemulari:
859 1162 925 1221 illis
960 1162 1123 1221 nihil'est
1145 1165 1181 1222 in

186 1269 351 1327 mundans
373 1265 449 1321 luce
473 1264 670 1335 consimile,
703 1267 797 1325 vobis
832 1276 936 1323 totum
970 1278 1017 1322 est
1039 1267 1074 1323 in
1100 1265 1180 1324 orbe

190 1385 372 1424 commune.

184 1511 186 1517 >
231 1469 302 1527 VII.
326 1469 477 1528 Nondum
501 1466 613 1527 edultn
635 1487 740 1526 rerum
764 1487 782 1524 a
806 1480 838 1525 te
854 1479 1018 1548 gestarum
1041 1465 1178 1544 profano

189 1580 410 1627 monumenta.
432 1567 500 1627 Iam
525 1571 605 1627 cedo
629 1570 780 1647 primitus
803 1569 921 1626 faciem
944 1569 1033 1646 quod
1062 1585 1180 1626 usuve-

189 1672 261 1728 nire
285 1671 381 1729 nobis
403 1673 437 1730 iu
460 1670 589 1749 prolixo
614 1673 730 1730 itinere
755 1669 860 1739 solet,
893 1671 951 1736 ubi
982 1671 1039 1748 qui
1062 1672 1103 1728 sd
1127 1673 1182 1728 ds·

187 1773 304 1830 stinsts
329 1769 375 1852 (e)
399 1786 575 1851 properant
597 1793 663 1832 non
686 1794 798 1833 omnes
816 1776 932 1834 obvios
958 1767 1175 1835 consalutent.

186 1870 269 1952 Ergo
294 1875 326 1930 in
350 1876 428 1932 duss
452 1893 545 1932 curse
569 1875 691 1933 dividis
711 1875 801 1934 orbis
824 1877 996 1936 excubisss
1020 1877 1181 1933 invictum

185 1974 328 2034 Fratrem
352 1976 519 2054 reliquens
541 1976 683 2044 Orienti,
707 1978 778 2053 ipse
802 1995 899 2054 supra
913 1972 1057 2053 inpecs'ti
1073 1977 1182 2034 Rheni

187 2073 423 2132 semibarbaras
455 2075 544 2149 ripas
576 2074 695 2149 raptim
728 2071 848 2130 vexilla
875 2073 925 2153 (f)
956 2075 1180 2142 constituens,

189 2191 224 2237 et
246 2177 432 2256 provincius
457 2175 535 2234 luxu
559 2176 762 2254 superiorum
787 2177 914 2234 deditas
948 2175 1068 2235 veteris
1092 2176 1181 2254 ignu-

185 2281 249 2354 vise
265 2281 390 2358 pudore
406 2279 582 2338 defendens
598 2319 608 2347 ‚
631 2276 785 2358 Princeps
809 2293 938 2338 creatus
955 2281 995 2338 sd
1011 2272 1179 2341 difficilem

185 2380 338 2441 militiam
361 2379 537 2442 revertisti.
560 2379 675 2438 Statim
691 2379 830 2446 itinere,
854 2383 963 2438 statim
979 2378 1096 2456 proelis
1114 2376 1179 2458 (1)=

187 2494 221 2556 et
242 2483 366 2559 primus
390 2484 425 2556 in
449 2483 552 2540 aciem
575 2493 794 2562 purpuratus,
817 2493 850 2538 et
871 2479 991 2561 regalis
1016 2481 1091 2540 sula
1114 2483 1174 2542 sub

185 2583 359 2662 pellibus,
382 2603 512 2644 somnus
537 2586 597 2644 sub
621 2583 722 2654 culo,
754 2598 850 2664 potus
875 2607 892 2644 e
914 2585 1039 2656 fluvio,
1073 2588 1180 2646 trihu·

183 2684 237 2742 nal
260 2688 296 2742 in
320 2702 443 2762 campo.
468 2684 544 2744 Haec
568 2685 705 2766 imperio
730 2688 863 2763 quidem
884 2707 990 2756 nove,
1026 2687 1082 2745 sed
1110 2688 1174 2748 tibi
1250 2692 1252 2695 ’

185 2789 321 2866 cognita.
344 2786 494 2849 Docuisti
517 2791 619 2871 magis
640 2790 803 2856 fortunam
825 2791 948 2870 regiam
970 2791 1048 2868 quid
1073 2793 1179 2852 virum

184 2890 291 2949 facere
322 2893 534 2962 conveniret,
559 2913 654 2971 quam
677 2895 824 2954 didicisti
846 2896 887 2954 sb
912 2913 950 2953 ea
974 2898 1180 2979 quidimpe-

182 3003 304 3050 ratores
328 3004 401 3050 ante
423 2993 587 3054 fecissent.

150 3148 152 3153 .
189 3128 1173 3154 *mv-qm

211 3186 238 3226 (a)
245 3183 290 3219 cod.
302 3195 376 3220 sereres.
388 3185 414 3228 (b)
423 3188 468 3224 cod.
476 3189 596 3240 praecariam.
610 3190 634 3223 Er
641 3187 720 3236 quidem
728 3199 797 3236 pretor
805 3200 848 3224 cnm
858 3187 950 3223 desisstis
961 3197 1074 3224 consumes·
1080 3190 1176 3238 scs-iprum

187 3249 228 3286 ridi
241 3262 284 3285 suns
300 3249 423 3298 diphthongo
437 3255 458 3289 in
477 3255 617 3302 antiquissimis
630 3265 674 3289 mss.
700 3257 725 3296 (r)
738 3253 784 3288 cod.
796 3251 830 3288 hic
842 3250 954 3287 renascendo
967 3260 986 3286 ss
999 3263 1043 3287 mox
1055 3254 1175 3309 reposcendo,

188 3324 237 3360 quse
251 3312 299 3348 mihi
312 3313 426 3351 innitentis
441 3315 481 3352 viss
498 3328 549 3353 sssnr.
562 3317 588 3361 (d)
601 3314 781 3365 Ccd.rtse1r'es.(s)
794 3314 841 3350 00d.
856 3312 985 3363 dissiderem
998 3313 1045 3350 cest
1059 3313 1143 3359 statillus,
1155 3328 1175 3354 ss

188 3373 269 3410 inferius
282 3373 360 3410 sessilis.

213 3532 248 3603 (i)
265 3547 436 3593 Velenrinisnc
456 3561 534 3604 nupsi
552 3549 583 3592 sd
599 3544 729 3606 imperium
746 3558 851 3602 evecto,
869 3548 996 3593 Alsussnni
1012 3548 1104 3596 beilum
1115 3552 1175 3595 Gul-

180 3636 232 3680 licis
251 3637 415 3679 Romanos-um
432 3633 569 3691 provinciis
587 3633 740 3701 intulerunt,
760 3634 825 3695 quod
844 3634 880 3679 sni
907 3632 983 3697 lsgsti
997 3634 1085 3698 vilibus
1104 3635 1173 3681 donis

180 3717 258 3764 affecti
274 3720 397 3775 inissent,
418 3728 442 3764 et
460 3721 489 3762 sb
505 3717 604 3764 ursario
623 3718 755 3764 officiorum
764 3720 879 3781 magistro
897 3719 1025 3776 superbius
1043 3717 1169 3776 uppellsti.

183 3804 231 3846 Am.
247 3817 314 3847 xxvi.
332 3805 353 3845 5.
