2714 4410
484 304 553 350 rao
576 304 695 350 raras
1019 298 1059 371 45

149 428 233 489 VIII.
269 428 354 504 Quid
385 428 523 507 primum
552 430 651 508 igitur
679 425 844 489 admirer?
876 432 962 506 quod
995 418 1084 488 circa

107 526 227 588 Divum
250 546 363 585 munus
379 531 426 605 pii
445 525 504 586 filii
521 527 591 607 (s),
614 549 654 588 uu
677 532 762 607 quod
785 534 868 588 circa
891 550 948 587 uos
974 545 1084 607 partes

106 630 252 707 parentis
277 628 393 708 egisti?
415 627 598 686 Alienorum
622 629 826 687 elmulatione
843 628 889 707 (a)
914 631 1086 687 criminum

104 723 299 785 Maximinus
322 725 418 784 fidem
438 727 518 785 fecit
540 746 678 786 suorum.
697 727 810 786 Vestra
833 724 1000 787 aestimatio
1024 731 1085 795 sit,

40 902 43 909 Ι
107 826 214 904 qualis
236 828 336 886 fuerit
359 829 391 885 in
416 841 566 898 ceteros,
596 847 690 904 quem
724 820 789 908 ipsi
812 820 926 887 'rerum
954 830 1086 888 Domini

107 941 279 1008 tyrannum
311 950 402 1008 paene
437 933 516 989 estis
551 933 689 1008 experti.
713 922 855 1011 Ur'gebat
887 935 973 992 enim
999 953 1085 995 novo

107 1032 193 1089 fastu
216 1034 406 1110 patientiam
428 1036 565 1114 regiam,
585 1047 618 1092 et
639 1035 839 1111 praefecturas
862 1055 927 1093 suae
949 1036 1087 1113 putabat

106 1149 177 1189 esse
200 1132 430 1209 dispendium,
453 1133 562 1208 siquid
589 1132 734 1191 licuisset
755 1137 892 1212 imperio
917 1135 979 1215 (a).
1001 1133 1087 1193 Inte·

105 1248 162 1290 rea
195 1250 253 1290 nos
292 1231 566 1307 opperiebamur,
600 1245 636 1289 ut
667 1230 868 1310 principanio
901 1233 984 1292 ultio
1006 1233 1087 1291 talis

106 1328 317 1397 vindicaret,
341 1348 397 1388 vos
421 1331 669 1406 expectabatia,
704 1344 739 1387 ut
773 1344 901 1389 senatus
931 1344 1089 1412 argueret.

108 1428 217 1486 Credo
230 1443 352 1499 tamen,
367 1430 425 1488 has
441 1448 543 1488 moras
561 1433 600 1491 ad
617 1428 800 1508 suffragium
817 1429 961 1507 publicae
985 1449 1088 1488 causes

107 1547 239 1606 parasse
256 1522 443 1598 fortunam,
466 1542 502 1586 ut
523 1542 754 1609 suscepturus,
778 1528 930 1587 Gratiune
952 1548 1088 1587 venera-

105 1632 209 1702 bilis,
232 1635 391 1693 iudicium
409 1630 536 1693 'doloris
558 1637 671 1706 nostri,
695 1634 837 1691 adferres
862 1630 908 1712 (b)
932 1633 990 1688 tui.
1014 1630 1084 1687 Etsi

105 1734 190 1794 illud
213 1736 311 1815 magis
335 1734 523 1795 confirmare
548 1756 597 1795 me
622 1737 797 1804 convenit,
825 1750 968 1793 nostram
1001 1732 1089 1814 lega-

109 1839 231 1897 tionem
249 1851 379 1898 ·nostres
402 1841 505 1917 egisse
529 1841 764 1916 querimonias,
779 1851 815 1895 ut
830 1838 990 1895 videreris
1006 1855 1088 1912 quo·

108 1959 171 2017 que
195 1942 280 1998 inter
303 1952 428 1998 ceteros
450 1941 624 1999 vindicari.
647 1940 728 1995 Nem
752 1941 938 2014 priusquam
961 1938 1087 1999 senatus

111 2054 207 2093 causa
230 2039 415 2113 iungeretur
437 2047 518 2102 tuae,
534 2034 734 2092 satisfactum
754 2035 816 2092 tibi
832 2036 986 2114 putabas,
1002 2041 1092 2113 quod

110 2136 285 2194 insidiator
307 2133 393 2212 regni
417 2131 564 2210 exemplo
599 2133 820 2191 innocentium
853 2147 1013 2211 potestate
1037 2139 1093 2194 de·

112 2247 254 2293 cesserat
282 2218 342 2316 (3).
370 2232 543 2310 Postquam
582 2245 711 2292 ventum
748 2247 798 2290 est
834 2236 874 2292 ad
912 2237 1091 2294 communie

109 2338 279 2424 'querellas
304 2339 370 2420 (c),
395 2336 574 2396 adhibuisti
598 2337 824 2404 severitatem,
855 2336 982 2413 qualem
1013 2336 1092 2396 reli-

111 2445 168 2519 qui
188 2422 356 2521 'principes
379 2444 558 2501 maiestatis
581 2422 712 2500 tantum
724 2423 863 2522 negotiis
879 2442 1090 2504 exhibebant.

99 2543 228 2600 'Actum
259 2554 349 2608 erat,
382 2539 632 2599 clementissime
665 2541 864 2618 Imperator,
897 2543 937 2600 de
970 2544 1091 2602 iniuria

110 2653 191 2707 tua,
211 2639 273 2696 nisi
296 2639 450 2698 nobilitas
471 2640 589 2697 suisset
610 2638 739 2699 offensa.

141 2802 169 2841 (a)
181 2797 228 2833 cot.
240 2797 337 2834 amaus.
354 2797 380 2842 (bs
393 2799 440 2834 ced.
454 2799 538 2847 adfinis.
555 2802 579 2843 (ol
592 2799 678 2847 Querella
689 2812 725 2847 pso
738 2802 812 2851 qsoerslo
824 2815 936 2841 constanter
954 2803 995 2841 vidi
1007 2805 1029 2840 in
1041 2808 1094 2842 anu.

114 2864 157 2911 qnis
170 2862 230 2899 codd.

143 2996 178 3046 (1)
195 2991 286 3050 Nempe
304 2995 437 3039 occidendo
458 3010 503 3040 seu
530 2994 661 3041 Maximino
686 2994 799 3056 purgarit
827 2995 1024 3046 Valentinianum
1039 2996 1098 3042 Ges·

109 3074 197 3118 lienus.

145 3160 181 3213 (a)
197 3160 217 3203 A
233 3158 363 3206 Maximino
379 3159 510 3208 affectatam
528 3177 597 3220 perne
618 3161 771 3218 tyrannidem
796 3163 829 3206 sit
858 3161 1010 3217 Symmachus
1028 3160 1098 3207 etiarn

111 3239 138 3283 in
155 3240 263 3298 Epistola
282 3254 304 3284 a.
326 3241 383 3285 libri
401 3257 440 3289 ro.
459 3260 511 3304 qua
527 3254 565 3288 ess
589 3245 620 3287 ad
637 3244 775 3289 Gratianum
802 3245 946 3306 Augustum
965 3264 977 3286 s
998 3244 1098 3291 Minime

109 3342 124 3365 s
145 3324 212 3367 stetit
228 3324 286 3383 quin
305 3339 386 3368 omrses
406 3328 608 3372 occumberemus.
629 3328 729 3371 'l'snsum
745 3325 828 3389 flagitii
837 3329 1039 3390 designaverant,
1055 3328 1101 3390 qui

108 3426 123 3453 so
144 3409 296 3466 amplissimas
313 3420 443 3467 potestates
464 3412 532 3459 snslis
548 3413 638 3459 astibus
666 3413 830 3471 possidebant!
858 3419 936 3462 Ferox
961 3417 1003 3462 ille
1020 3419 1099 3464 Muxi-

112 3515 126 3539 »
142 3497 221 3542 minus
239 3499 271 3542 ob
289 3513 327 3540 ree
343 3499 473 3556 secundas,
488 3499 615 3544 incubator
640 3500 805 3561 iudiciorum,
822 3501 925 3547 difficilis
943 3502 1099 3561 decidendis,

113 3604 127 3628 a
147 3584 304 3629 simultatibus
313 3594 440 3643 promptus
450 3615 457 3629 .
466 3616 475 3629 .
487 3613 494 3627 ·
504 3586 626 3647 Simulque
640 3603 678 3631 res
687 3596 733 3631 tun
753 3587 779 3632 in
791 3590 950 3650 tranquillum
966 3590 1068 3634 rediere.
1081 3606 1095 3627 ι·

147 3672 182 3726 (3)
202 3672 294 3728 Nempe
312 3672 456 3716 Maximinus
474 3673 554 3729 specie
581 3672 682 3732 quadum
709 3675 828 3718 honorata
853 3675 922 3734 prius
937 3674 1099 3736 magistratum

115 3759 232 3819 eiuravit,
248 3769 299 3804 tum
316 3760 456 3817 postulante
472 3767 556 3805 senata
572 3774 586 3803 e
603 3759 717 3804 Gratiano
735 3741 857 3806 damnatus
875 3767 919 3804 ess.
