2714 4410
233 311 358 360 neruus
380 312 416 358 nr
438 310 708 359 vtuuurmmuvu
730 311 800 358 ssu·
824 311 897 360 evo·
921 297 962 356 11·
1054 298 1090 358 15

170 435 211 499 Il.
233 435 412 502 Nolumus,
446 436 568 494 invicte
599 435 817 506 Moderator,
850 438 949 494 tantis
973 435 1114 516 negotiis

127 555 240 617 parem
263 555 328 594 nou
352 553 422 592 esse
445 538 639 594 mercedem.
660 537 751 594 Idem
772 538 834 597 tibi
850 539 1023 617 praemium
1044 535 1117 614 ple·

132 659 270 719 rumque
295 638 503 706 decernitur,
526 657 599 696 cum
616 658 634 695 a
647 654 679 697 te
704 641 833 698 diversa
851 652 1055 718 praestentur.
1080 635 1116 694 Si

129 745 369 825 nonlcongruit
390 743 516 800 meritis
541 745 628 820 quod
651 742 793 802 solutum
817 757 886 810 est,
915 743 1021 800 honor
1043 740 1116 798 vin·
1202 814 1212 831 ἱ

132 849 222 906 citur
245 866 309 904 nou
336 842 495 905 voluntas.
522 842 603 900 Nam
641 843 719 921 quid
742 844 806 900 tibi
843 844 946 900 edicit
970 837 1119 898 cousula-

132 966 185 1010 tus
210 951 285 1032 (o),
315 969 384 1008 cum
408 947 526 1007 felices
551 946 598 1026 (b)
622 966 723 1004 annos
752 947 882 1025 imperii
906 946 954 1001 tui
979 946 1018 1001 de
1042 953 1118 997 aeta-

130 1055 218 1110 tibus
255 1068 412 1110 novarum
449 1049 580 1107 urbium
619 1045 817 1105 calculemus
856 1044 932 1126 (Μ
970 1042 1120 1101 Aliorum

129 1166 274 1231 tempore
312 1152 405 1211 fastis
443 1160 611 1205 numerate
658 1159 766 1214 sunt,
803 1159 911 1222 qestra
957 1144 1118 1204 victoriis.

127 1255 196 1316 Hoc
237 1271 338 1312 uuum
379 1262 487 1306 tamen
520 1249 583 1308 rite
619 1228 825 1317 curavimus}
858 1246 955 1304 utin
986 1244 1119 1323 oppidis
1187 1316 1190 1324 μ

128 1376 236 1437 nuper
252 1354 370 1414 erectis
386 1353 527 1430 primum
544 1354 708 1413 discerent
723 1352 887 1411 consulem
906 1352 1119 1409 conditorem.

172 1456 237 1516 ΙΙΙ..
255 1455 502 1532 Inuuguremtur
515 1451 560 1535 (c)
577 1452 712 1512 inclutis
736 1448 912 1513 triumfnliu
936 1464 1040 1510 cestra
1062 1471 1121 1507 uo·

130 1558 273 1617 minibus
298 1553 355 1634 (a).
378 1552 454 1612 Fuit
476 1555 611 1611 evidens
635 1571 751 1622 cause,
786 1574 849 1632 qus
871 1556 973 1614 fasces
993 1569 1120 1609 sumere

129 1657 228 1717 tertio
252 1656 433 1734 cogereris=v
454 1655 575 1712 etenim
590 1673 631 1711 ne
651 1658 855 1736 magistratus
878 1669 1028 1712 romanos
1045 1668 1120 1728 pro-

130 1762 215 1823 xime
239 1762 394 1818 adiunctn
417 1771 499 1816 terre
531 1773 726 1838 respueret,
760 1761 800 1819 ab
822 1780 861 1819 eo
883 1773 1048 1840 sumptum
1071 1769 1122 1814 est
1185 1778 1190 1787 ·

127 1861 346 1941 principium,
370 1860 427 1937 qui
442 1861 577 1919 timetur
594 1857 654 1940 (3).
676 1860 770 1920 Nihil
791 1873 863 1919 ante
887 1859 1053 1937 prioribus
1071 1853 1119 1935 (d)

130 1966 250 2042 gestis,
271 1965 440 2042 Auguste,
467 1964 685 2038 decerpimus.
709 1964 742 2019 Si
765 1964 910 2020 recentia
932 1962 1002 2022 sola
1025 1980 1120 2039 repe·
1146 2012 1149 2017 .

132 2054 262 2132 tomus,
286 2073 414 2136 stupeo.
435 2057 509 2116 Non
539 2060 645 2116 miuus
667 2059 726 2117 illa
749 2074 823 2118 suut
845 2081 915 2138 quae
950 2061 1123 2138 comperi,

133 2164 193 2222 sed
215 2162 285 2218 haec
307 2159 408 2238 magis
432 2156 532 2238 diligo
556 2178 628 2236 quae
643 2162 792 2239 probavi.
807 2164 920 2240 Adque
937 2162 982 2245 (e)
1000 2161 1123 2220 utinam

106 2265 298 2322 'modicum
320 2260 445 2338 ingenii
469 2261 532 2317 mei
556 2257 671 2319 saltem
704 2275 780 2320 note
814 2267 1025 2322 commendem
1049 2261 1122 2344 (Di

130 2365 291 2442 Ademptn
313 2362 394 2421 mihi
417 2372 467 2418 est
488 2360 624 2418 honesta
656 2363 824 2421 defensio:
859 2384 931 2440 quae
962 2364 1032 2444 ipse
1057 2382 1121 2421 non

132 2464 304 2534 viderem,
338 2465 433 2523 venia
454 2467 576 2523 maiore
602 2464 783 2524 laudabam.
817 2454 972 2544 Quisquis
1003 2486 1120 2527 arcano

135 2578 259 2622 naturae
281 2565 420 2622 scrutari
442 2562 603 2642 postulat,
625 2576 657 2622 te
681 2580 844 2644 sequntur.
866 2567 940 2626 Nou
954 2567 1123 2627 fluminum

160 2776 189 2819 (a)
202 2773 248 2808 esd.
259 2772 371 2811 corseolano.
383 2772 409 2816 (b)
422 2771 469 2808 God-
477 2769 548 2820 filim.
558 2774 619 2816 (orn
633 2771 681 2809 cod·
693 2784 737 2808 cun
749 2784 811 2820 mpro
823 2784 842 2810 a.
853 2774 1120 2826 (quindecimuirum.

137 2838 161 2882 (e)
175 2837 205 2872 lta
216 2836 263 2872 (ted.
274 2836 342 2886 adque·
355 2834 382 2886 (s)
393 2837 424 2872 lta
436 2845 518 2882 pronus
529 2845 550 2870 ee
563 2834 624 2871 habet
635 2835 689 2872 locas
701 2834 722 2870 iu
735 2835 814 2872 Codice.

164 3010 369 3064 ‘(1)'lurreeaeaa
386 3009 484 3054 castella
499 3009 527 3054 in
545 3009 621 3054 limite
637 3009 735 3069 imperii
753 3013 883 3072 quotannis
901 3012 975 3058 condi
998 3014 1068 3060 iubet
1083 3017 1127 3060 Va·

135 3091 281 3135 lentinieuus
297 3091 351 3152 lege
372 3094 409 3138 13.
428 3092 465 3137 tit.
487 3106 508 3136 ι.
526 3092 569 3136 lib.
586 3106 628 3136 xv.
645 3093 704 3136 cod.
722 3094 814 3138 Theod.

169 3177 208 3230 (a)
224 3172 325 3216 Fuciuut
340 3174 441 3219 sortaste
459 3175 489 3220 ad
506 3177 572 3219 hunc
592 3175 671 3219 locum
685 3190 712 3220 ea
725 3190 777 3236 qun
794 3176 854 3220 dicit
864 3178 987 3235 interpres
1002 3192 1065 3222 ame
1080 3178 1129 3224 edi·

136 3268 173 3302 tus
192 3260 222 3303 ad
238 3257 381 3303 Orationem
397 3261 471 3306 'lullii
494 3277 537 3323 pro
556 3267 642 3308 Scauro
667 3262 805 3318 <Editionis
823 3282 879 3310 mear
897 3280 921 3323 p.
941 3264 985 3322 6.)
1006 3268 1036 3312 de
1060 3283 1129 3314 ruore

137 3341 204 3401 apud
221 3340 339 3400 Antiquos
360 3341 428 3384 etiam
446 3358 477 3389 ex
492 3347 644 3409 nominibus,
661 3347 793 3405 praesertim
809 3349 870 3394 belli
886 3358 1010 3410 tempore,
1028 3354 1133 3413 auspicia

136 3425 255 3469 sumendi.
273 3424 394 3470 Videlicet
411 3426 537 3488 utriusque
554 3429 654 3494 Augusti
670 3429 834 3476 Valentiniani
861 3445 886 3479 et
901 3428 1006 3483 Valentia
1032 3438 1129 3484 nomina

136 3513 260 3558 commoda
279 3523 349 3557 erant
367 3513 397 3556 sd
415 3527 493 3558 omen.

169 3599 207 3656 (3)
225 3599 361 3644 Ammianus
379 3613 435 3644 xxx.
455 3603 480 3649 8.
497 3599 538 3644 ait.
556 3621 570 3644 ι»
589 3601 649 3647 ldeo
667 3603 848 3666 Valentinianus
874 3607 960 3652 merito
983 3608 1129 3666 timebstur,

135 3706 149 3737 a
169 3689 237 3749 quod
253 3699 278 3734 et
294 3688 420 3734 exercitus*
440 3687 505 3733 nuxit
523 3690 603 3736 valido
619 3693 804 3754 supplemento,
821 3702 846 3741 et
868 3695 998 3758 utrobique
1019 3696 1128 3740 Rhenum

136 3795 150 3817 a
170 3777 311 3822 celsioribus
328 3775 412 3821 saeuis
430 3776 535 3831 munivit
551 3786 622 3838 atque
638 3780 773 3826 castellis..
