2714 4410
489 334 651 384 samoni-:ra
674 335 842 384 svovsrvra
865 321 889 379 1·
1124 346 1157 388 11
1249 310 1251 315 ¹

199 477 401 546 praeceptum
423 474 513 526 tuum
535 465 628 544 parvi
650 463 815 533 habitum,
838 464 940 542 siquis
963 474 995 520 te
1019 464 1182 524 vindicas-

199 584 250 627 set
282 568 428 627 invitum.
460 566 636 643 Quisquam
659 582 703 621 ne
722 562 905 642 neglectum
936 564 985 620 sui
1014 563 1181 648 postulat,

199 681 232 727 et
255 670 465 728 devotionem
496 680 590 745 putat
612 668 639 724 si
663 685 696 722 se
720 684 812 722 nemo
836 663 1011 724 delendat'l
1042 665 1090 723 En
1115 667 1183 723 ani-

197 789 268 827 mus
291 770 391 853 maior
411 769 565 847 imperio,
588 767 648 826 sub
665 785 729 844 quo
746 767 896 823 maiestas
918 761 1100 845 neglegitur
1113 764 1180 848 (u),

198 883 231 926 et
253 870 379 948 eruptio
410 868 603 928 vindicatur.

238 971 326 1030 XIII.
349 971 434 1047 Quid
467 973 629 1049 quodvis
652 971 859 1028 istanaturae
883 983 956 1039 est,
993 982 1090 1028 utet
1113 971 1178 1029 sint

194 1075 370 1150 unicuique
394 1077 587 1133 adsensum
620 1070 743 1129 doloris
776 1071 880 1147 prima
914 1089 985 1148 quae
1019 1069 1180 1149 propria?

193 1193 252 1231 nec
286 1177 485 1250 quisquam,
518 1191 551 1229 se
583 1171 655 1249 ipso
690 1173 826 1239 iudice,
860 1173 981 1249 inpune
1014 1170 1178 1231 laedatur?

192 1275 243 1334 Tu
266 1279 301 1334 in
324 1277 456 1335 casibus
488 1277 553 1332 tuis
577 1274 744 1344 clemens,
777 1292 908 1332 severus
943 1275 978 1332 in
1007 1274 1180 1353 publicis,-

192 1391 288 1455 turpa
313 1377 478 1436 existimas
502 1374 645 1454 Principi
668 1386 772 1432 motus
795 1375 863 1432 odii
893 1375 1015 1431 habere
1045 1374 1178 1452 privati.

195 1477 315 1537 Merito
333 1480 409 1558 ergo
438 1497 456 1535 a
482 1479 580 1537 nobis
611 1476 747 1554 amplius
778 1479 920 1545 amaris,
951 1479 1027 1554 quin
1056 1495 1116 1555 pro
1146 1490 1180 1535 te

192 1580 298 1637 minus
321 1579 481 1638 irasceris.
503 1577 618 1636 Nescis
641 1579 690 1635 uti
711 1577 801 1654 regia
818 1597 915 1636 manu
931 1591 1044 1636 contra
1066 1580 1179 1635 dome·

191 1687 289 1744 stioas
323 1682 514 1743 simultates.
542 1683 576 1740 Si
609 1685 777 1742 erubescis
808 1694 878 1741 tuas
908 1683 1043 1740 iniurias
1074 1679 1179 1738 ultum

189 1793 264 1862 ire,
288 1792 386 1859 audi,
419 1788 620 1869 Imperator,
656 1790 744 1866 quod
766 1799 798 1845 te
823 1798 943 1846 acuat:
975 1784 1077 1843 nostri
1109 1783 1179 1842 ini·-

188 1896 267 1953 mici
291 1907 365 1952 sunt
387 1896 443 1971 qui
466 1892 638 1952 rebellant.

230 1993 314 2051 xlv.
336 1994 399 2049 Sed
422 1991 513 2047 illius
536 1990 683 2066 Latronis
715 1990 817 2045 iustus
841 2009 974 2060 occasus
998 1988 1178 2047 venerandi

189 2091 312 2150 Fratris
334 2092 383 2147 tui
407 2088 557 2146 laudibus
581 2107 653 2146 cum
677 2089 791 2145 ceteris
815 2086 956 2144 Orientis
980 2087 1106 2143 adoreis
1128 2103 1179 2143 re-

190 2204 348 2251 servetur.
370 2188 475 2247 Unum
499 2202 602 2246 tamen
624 2189 686 2246 hoo
709 2185 900 2265 praelibasse
924 2183 1079 2242 sufficiet:
1105 2201 1177 2240 cum

190 2296 247 2352 diu
280 2312 400 2373 anceps
435 2291 560 2351 bellum
592 2294 716 2362 suerit,
751 2293 797 2350 sie
819 2291 1177 2351 victoriae-moderatus

191 2407 264 2460 ast,
288 2395 380 2470 quasi
405 2407 517 2451 contra
541 2412 575 2451 se
598 2412 692 2451 nemo
715 2394 870 2470 pugnarit
892 2391 952 2473 (1).

230 2491 296 2551 XV.
319 2492 345 2549 0
368 2495 449 2552 mira
472 2494 635 2552 intervos
659 2492 840 2551 similitudo
863 2493 1016 2570 pietatis!
1046 2490 1095 2551 Tu
1118 2511 1175 2549 nes

186 2595 251 2653 scis
275 2592 375 2654 civile
400 2593 560 2654 certamen
593 2597 763 2673 adripere,
793 2595 850 2655 ille
873 2617 939 2656 non
970 2608 1082 2677 potest
1102 2597 1175 2655 vin·

187 2698 307 2755 dicare.
343 2695 545 2775 Quamquam
567 2694 628 2755 illa
651 2696 871 2756 dissimulatio
906 2711 959 2756 tua
993 2717 1057 2755 non
1087 2709 1175 2755 caret

185 2797 309 2858 honore
337 2791 514 2879 Germani:
546 2798 623 2855 satis
656 2798 793 2856 idoneus
816 2798 880 2857 tibi
903 2803 943 2858 ad
976 2801 1175 2861 vincendum
1214 2875 1220 2886 Ι

185 2902 275 2961 visus
298 2913 367 2970 est,
392 2903 445 2960 cui
469 2900 625 2960 auxilium
648 2921 713 2958 non
735 2900 867 2959 tulisti:
898 2903 931 2959 in
954 2921 1067 2982 magna
1090 2901 1174 2961 fidu·
1311 2964 1317 2973 x

188 3001 238 3058 nia
258 3002 365 3059 minor
398 3020 474 3061 cura
508 3015 567 3063 est.
604 3000 721 3060 Merito
755 3001 807 3059 illi
843 3004 992 3079 captivus
1028 3001 1172 3062 Rebellis

188 3186 1167 3216 mm

211 3275 239 3320 (a)
253 3273 300 3310 (lod.
312 3275 432 3323 neglegatur.

190 3413 1156 3456 ’-·’-’--·---·-···---------ι--------ι--.-.1

211 3525 249 3577 (ι)
265 3521 388 3567 Valentem
414 3524 546 3573 clementer
571 3531 673 3578 victoria
699 3549 768 3579 usum
785 3534 852 3581 aiunt
871 3545 984 3583 oratores
1001 3539 1169 3601 Symmachus,

178 3611 201 3647 at
217 3605 358 3651 themistius
376 3609 440 3652 Orat
449 3623 492 3654 vrr.
510 3628 555 3657 nso
574 3629 624 3661 non
641 3617 752 3662 Libanius
768 3617 796 3662 in
813 3620 861 3664 vita
881 3621 981 3680 propria
993 3623 1168 3671 adiantorsu.

178 3687 206 3730 Τ.
222 3700 245 3732 a.
263 3690 328 3734 Orat.
346 3692 366 3734 1.
384 3708 409 3751 p.
429 3694 484 3738 55-
496 3695 542 3740 56:
553 3697 602 3744 Sed
617 3701 786 3748 eonnaditunt
803 3711 886 3763 aparte
905 3705 1022 3751 ilistorici
1033 3705 1169 3752 Ammianus

178 3787 242 3822 xxvi.
260 3791 348 3836 9·10·
364 3781 472 3827 Zosimus
491 3797 524 3826 ss.
