2714 4410
280 296 325 356 aa

333 438 392 539 ·Q·
423 432 673 521 aventu
709 431 1170 520 SVMMACH1·v·c·

507 632 684 696 ORATIO
712 631 985 694 PR0<PATRE

305 894 470 917 ......
492 854 517 914 Ι.
541 854 674 914 dicendi
697 872 808 911 munus
832 867 864 911 et
886 849 1108 932 gratulationis
1137 852 1247 912 verba

262 953 475 1034 pertulerim
500 974 608 1012 secum
630 967 781 1032 reputet,
804 963 941 1030 quantos
956 951 1061 1010 'huius
1083 949 1245 1013 beneficii

262 1056 438 1114 habeamus
452 1069 616 1124 auctores,
635 1055 866 1113 humanitatem
890 1066 1026 1114 vestram
1049 1052 1105 1127 qui
1127 1065 1247 1128 postu-

263 1155 373 1224 lastis,
396 1156 601 1217 clementiam
625 1154 810 1234 Principum
836 1156 890 1234 qui
914 1157 1093 1220 dederuut,
1117 1151 1250 1211 desinet

261 1259 411 1336 profecto
435 1258 545 1315 mirari
568 1274 632 1312 non
657 1273 754 1312 unum
776 1275 836 1332 pro
860 1254 1031 1315 consulatu
1054 1252 1102 1335 (u)
1126 1251 1247 1328 gratias

263 1377 378 1437 agere,
403 1376 498 1434 quern
521 1369 585 1412 tam
607 1352 725 1412 multos
751 1359 846 1414 video
872 1358 1036 1418 detulisse.

268 1450 272 1457 ’
308 1455 348 1514 ΙΙ.
371 1453 420 1547 Au
437 1459 464 1512 si
483 1474 556 1522 vos,
571 1451 678 1511 Patres
695 1460 888 1536 conscripti,
905 1473 1073 1538 tantopere
1090 1460 1245 1526 curastis,

262 1569 300 1615 ut
323 1557 455 1635 optimae
478 1552 656 1614 voluntatis
681 1557 775 1614 vobis
798 1559 880 1616 ratio
905 1573 1089 1628 constaret,
1110 1572 1147 1616 ut
1172 1574 1240 1613 om-

261 1660 352 1716 nium
386 1676 444 1734 pro
477 1675 542 1713 uuo
575 1656 795 1714 testimonium
819 1664 1026 1720 concordiam
1055 1672 1181 1718 senatus
1210 1656 1245 1716 et

260 1760 335 1837 pios
357 1773 462 1815 mores
489 1753 636 1837 (Patr)is
667 1756 846 1824 adsereret3
871 1775 977 1815 noune
1001 1757 1051 1816 ius
1074 1758 1246 1816 hominum

267 1877 364 1941 atque
387 1862 528 1919 Deorum
551 1872 601 1917 est
623 1856 750 1935 aliquid
771 1857 839 1916 laeti
861 1861 983 1939 negotii
1011 1874 1130 1938 praeter
1162 1871 1251 1933 cete·

266 1982 320 2022 ros
341 1961 445 2021 filium
468 1957 655 2021 sustinere?
681 1956 813 2032 Quando
849 1958 890 2014 de
921 1958 1102 2015 benefactis
1123 1958 1250 2016 Princi-

262 2088 341 2149 pum
365 2064 516 2149 dignius?
539 2065 666 2142 quando
690 2072 769 2139 aput
791 2078 846 2117 vos
869 2057 1011 2116 iustius?
1038 2061 1165 2136 quando
1200 2061 1244 2117 de'

264 2175 359 2234 Patre
380 2171 510 2240 felicius
535 2167 707 2226 dixerimus
736 2160 802 2244 (b)‘?
830 2160 923 2222 Nova
946 2171 1112 2238 suntque
1135 2163 1251 2238 adgre-

265 2269 453 2350 dimur(1)‚
471 2270 527 2327 sed
551 2278 657 2326 vestra
678 2263 861 2321 humanitas
884 2273 998 2319 auctor
1020 2274 1069 2319 est
1091 2262 1251 2319 inusitata

264 2372 417 2432 faciendi.
442 2367 561 2447 Egistis
584 2365 717 2423 comitia
749 2382 814 2420 nou
846 2362 1006 2439 potentiss
1041 2361 1248 2421 consulatum

265 2476 366 2533 istum
387 2446 550 2529 bonorum
572 2466 711 2525 ambitus
744 2462 955 2540 impetravit:
991 2482 1051 2523 voa
1077 2463 1252 2542 recepistis

268 2576 432 2633 candidati
456 2573 582 2640 officia,
604 2590 663 2629 nos
686 2568 853 2648 designati.

309 2677 368 2733 111.
396 2676 482 2750 Quid
515 2673 602 2750 quod
628 2674 724 2729 etiam
758 2691 900 2730 mearum
931 2672 1071 2750 partium
1093 2670 1249 2727 terminos

269 2770 477 2850 occupastis?
499 2770 597 2827 Modo
620 2789 656 2827 ac
679 2768 774 2846 plane
798 2769 895 2846 paulo
920 2784 992 2827 aute
1020 2770 1132 2828 laudes
1154 2767 1250 2828 Prin-

269 2878 380 2954 cipum
404 2887 489 2934 totua
513 2876 592 2933 ordo
617 2871 805 2934 celebravit.
830 2873 1010 2933 Gratiarum
1036 2877 1123 2932 actio
1146 2877 1249 2934 debe-

268 2992 322 3037 tur
352 2989 386 3036 et
416 2976 520 3034 vobis.
553 2973 665 3034 Crevit
698 2972 797 3052 igitur
826 2985 860 3031 et
885 2975 989 3032 honor
1015 2975 1207 3054 imploratus
1230 2992 1251 3032 a

268 3081 395 3149 multis,
419 3091 453 3138 et
473 3079 574 3155 gratia
597 3076 702 3135 solnta
724 3077 932 3154 permultos.
954 3075 1059 3137 Vultis
1083 3081 1164 3138 scire
1188 3080 1248 3156 qui

272 3184 431 3260 petitores
455 3178 497 3258 (a)
523 3197 580 3255 pro
615 3197 686 3235 meo
720 3176 854 3236 Parente
881 3178 1009 3238 fueritis
1033 3179 1106 3261 (d)i
1127 3179 1248 3240 Merito

270 3282 491 3359 conpetitores
521 3298 590 3337 esse
619 3280 771 3356 possetis.
793 3277 906 3335 Hicine
929 3293 1039 3338 noster
1063 3293 1112 3337 est
1133 3301 1252 3340 cousu-

270 3387 355 3443 latus
380 3403 419 3440 an
442 3383 559 3440 curiae?
580 3402 675 3461 quem
698 3401 757 3440 nos
778 3382 917 3440 fatemur
937 3385 976 3441 ab
1000 3384 1148 3443 omnibus
1165 3403 1250 3463 prae-

270 3488 403 3552 stiram,
426 3502 482 3541 vos
506 3488 626 3560 putatis
650 3483 798 3542 omnibus
823 3502 892 3540 esse
915 3485 1089 3541 decretum.

298 3634 325 3674 (a)
338 3629 385 3664 cod.
396 3627 496 3664 camalam.
513 3627 538 3672 (b,
551 3627 597 3663 cod.
609 3626 717 3662 disserimus.
728 3631 756 3669 (c)
767 3627 813 3662 cod.
821 3629 912 3677 petitoris.
931 3629 956 3672 (d)
968 3629 1015 3664 cod.
1020 3629 1103 3676 fueratis.

298 3762 335 3813 (1)
351 3757 414 3803 Hinc
432 3756 514 3814 vides,
533 3756 669 3801 Orationem
685 3756 793 3814 proxime
810 3759 892 3803 abesae
911 3759 940 3801 ab
957 3755 1038 3802 initio.
