2714 4410
201 338 239 379 ss
359 299 365 306 ’
431 326 557 376 neruus
578 326 615 373 rr
635 325 924 387 rrrrrrturtuvu·
985 299 987 303 ’

179 461 318 521 munitio
334 452 488 516 firmitati.
502 453 662 529 Quererer
684 453 750 537 (a),
774 459 896 518 Consul
918 460 1060 530 invicte,
1080 479 1168 522 nee*

179 567 256 622 dum
279 559 341 620 tibi
363 575 477 635 parere
501 559 625 624 omnia,
640 558 705 617 nisi
726 575 781 628 ea,
797 579 870 639 quae
893 563 1168 634 adiuncturum,

179 667 296 724 scirem
318 662 404 720 facts
426 659 572 719 meliora.

222 762 294 824 XII.
318 760 475 821 Consulto
493 762 592 822 multa
606 775 779 842 praetereo,
794 784 834 824 ne
849 765 884 826 in
900 771 1050 847 poeticos
1065 768 1165 833 flatus

179 889 286 931 rerum
310 864 491 947 ingentium
501 869 684 927 ‘cothurnus
697 868 744 951 (b)
761 883 919 948 erumpat.
933 868 1038 930 Unum
1054 893 1071 930 e
1089 871 1166 949 plu-

173 971 270 1030 ·ribus
282 971 359 1027 trite
375 969 596 1028 insinuatione
613 971 806 1052 contingam.
819 971 1167 1050 Rhenum‚r'tumquam

179 1071 318 1130 antehac
341 1083 461 1128 temere
484 1068 689 1150 navigatum,
705 1072 904 1131 tumentibus
926 1070 1020 1148 squis
1042 1072 1165 1130 itinera

179 1184 250 1229 tuta
273 1181 431 1248 portasse.
449 1168 498 1227 Ita
522 1167 560 1228 in
584 1190 703 1235 morem
730 1191 813 1231 nexa
839 1173 970 1252 nauigio
997 1183 1163 1230 constrato

180 1268 322 1351 desu'per
354 1264 424 1337 solo
457 1272 601 1348 riparum
628 1273 749 1333 extima
772 1272 817 1354 (c)
840 1275 1079 1333 momorderunt
1102 1270 1162 1353 (r).

178 1371 280 1430 Unius
304 1373 370 1430 diei
395 1370 526 1448 negotio
548 1372 719 1448 pendentis
742 1375 902 1433 machinas
930 1377 1009 1434 ordo
1043 1390 1163 1433 conva-

177 1471 251 1529 luit.
272 1470 362 1528 Ludo
386 1472 528 1545 iocoque
552 1481 712 1529 certatum
735 1483 784 1530 est
807 1491 847 1531 ex
870 1490 934 1549 que
955 1489 1048 1550 purte
1070 1473 1163 1535 velo·

178 1573 249 1630 cius
273 1570 316 1632 -irt
347 1585 474 1626 amnem
505 1569 649 1627 medium
682 1574 846 1632 contextio
875 1575 1073 1652 perveniret.
1101 1573 1162 1628 Eat

135 1741 140 1748 ³
177 1690 264 1729 nunc
280 1669 398 1728 troiani
422 1669 572 1727 carminis
595 1670 718 1731 Auctor
739 1671 904 1742 inlustris,
928 1687 963 1732 et
984 1690 1042 1750 pro
1066 1669 1161 1729 clads
1195 1746 1201 1758 1

176 1768 390 1850 popularium
413 1766 577 1826 Xanthum
598 1767 699 1850 fingat
720 1772 839 1830 iratum
860 1771 924 1852 (ἡκ
946 1786 1086 1839 armatas
1110 1787 1164 1828 ca·

180 1872 354 1933 deveribus
381 1872 482 1930 undas
504 1870 819 1950 scriptosdecsrus
852 1879 980 1934 educat
1013 1871 1165 1932 Nescivit

99 2024 101 2028 .
181 1974 315 2034 flumina
339 1990 435 2051 possa
458 1972 592 2030 frenari.
637 1973 816 2032 Tantumne
839 1975 944 2034 valuit
967 1977 1056 2032 rivus
1084 1970 1164 2031 iliae

177 2094 253 2143 cus,
275 2086 312 2132 ut
334 2074 369 2130 iu
391 2070 551 2130 auxilium
573 2071 708 2133 Vulcani
730 2074 866 2153 flamma·
877 2073 1064 2153 peteretur?
1085 2071 1165 2133 Pros

179 2175 301 2237 fundus
324 2173 459 2240 didicit,
481 2160 577 2249 quid'
583 2154 704 2250 parvus
727 2174 890 2235 evaserit?
917 2175 1069 2234 Defensio
1092 2173 1167 2250 ipsa

182 2275 371 2333 Gaelestium
399 2284 456 2331 tuo
480 2272 571 2348 operi
602 2291 666 2331 uon
689 2287 833 2333 meretur
854 2277 988 2352 aquari.
1009 2273 1167 2334 Fluvium

180 2371 542 2441 incendissevindicta
564 2384 634 2440 est,
648 2372 799 2432 calcasse
822 2374 975 2436 victoria.

184 2526 189 2534 .
222 2476 309 2539 XIII.
331 2475 375 2535 Ut
396 2477 517 2546 video,
541 2489 660 2535 aeterne
680 2476 862 2548 Defensor,
885 2453 1088 2537 conscientia
1109 2487 1168 2533 tua

177 2583 280 2646 maior
301 2596 349 2641 est
372 2576 689 2646 consuletuliabss,
706 2581 791 2656 quod
814 2578 878 2638 tibi
902 2578 985 2638 slter
1006 2587 1166 2654 praestare

167 2669 247 2742 uon
281 2681 407 2761 possit,
439 2680 580 2737 animum
615 2680 749 2754 praemio
783 2679 966 2737 certiorem.
988 2675 1057 2733 Nec
1087 2676 1166 2733 ideo

179 2770 278 2861 putes.
298 2785 459 2859 ingratam
481 2799 552 2839 esse
575 2778 832 2858 rempublicam:
854 2781 918 2840 hoc
941 2779 1045 2837 estin
1068 2797 1167 2840 orua-

178 2880 303 2939 *mentis
327 2879 483 2942 civilibus
506 2879 701 2949 maximum,
724 2883 812 2958 qnod
839 2881 905 2939 tuis
937 2879 1061 2940 meritis
1082 2880 1168 2938 fate-

180 3001 253 3042 mur
269 2994 456 3063 angustum.
472 2979 528 3041 Sst
550 2995 598 3042 est
619 2985 659 3042 sd
682 2986 977 3045 remunerationem
992 2982 1166 3053 beneficii,

206 3135 235 3176 (a)
256 3131 303 3170 ced.
319 3143 417 3181 quererer.
436 3131 461 3175 (b)
473 3131 521 3170 esd.
535 3131 627 3168 caucum.
642 3133 667 3178 (c)
680 3132 727 3170 cod·
745 3133 836 3170 existisse·
862 3138 866 3145 '

210 3295 249 3348 (1)
264 3291 375 3336 Rhenum
391 3289 492 3335 navibus
509 3305 522 3334 a
538 3289 709 3336 Valentiniano
726 3289 834 3336 iunctum
851 3298 934 3334 narrat
951 3289 1085 3335 Ammianus
1102 3301 1170 3339 ηις,

179 3393 203 3438 4.
222 3378 244 3422 si
261 3385 340 3423 temen
358 3386 466 3434 tempora
484 3386 629 3440 congruunt.
656 3375 745 3423 Confer
762 3357 872 3423 eumdem
889 3376 961 3422 etiarn
977 3389 1054 3421 xxrrr.
1076 3386 1115 3420 ro.

214 3461 251 3515 (s)
268 3455 431 3503 celeberrima
447 3457 496 3502 haec
516 3468 591 3505 exstat
610 3459 716 3505 narretis
733 3461 798 3519 apud
815 3462 944 3509 Homerum
962 3459 1032 3505 iliad.
1050 3471 1098 3503 xxx.
1109 3471 1170 3504 212·

179 3536 374 3587 385.¹Xsuthum
392 3536 506 3584 videlicet
522 3538 622 3588 flurium
642 3544 730 3590 hatum
752 3545 842 3603 Achilli
870 3545 912 3606 qui
938 3545 985 3590 sibi
1012 3544 1173 3590 Troianorum

177 3622 334 3671 osdsvsribus
354 3635 425 3682 aquas
444 3624 587 3682 implesset,
605 3625 696 3684 impetu
717 3627 781 3672 sacto
795 3630 903 3674 eumdem
923 3628 1039 3674 obruisse.
1052 3627 1171 3673 Periisset

180 3716 260 3754 antem
275 3703 397 3763 Achilles,
413 3703 461 3750 nisi
478 3707 540 3752 lunc
557 3707 690 3753 Vulcanum
704 3709 852 3772 immisisset,
869 3709 911 3774 qui
930 3721 1016 3759 exusto·
1030 3711 1104 3757 fluvio
1122 3711 1171 3758 ns»

178 3811 222 3841 seu
242 3789 374 3872 erpsdirit·
