2714 4410
486 350 650 399 tarrorrn
672 352 841 402 avorsrvu
863 337 887 397 1·
1135 339 1152 397 t

193 464 581 533 aiterum‘aon'timebis.
603 469 665 528 Seu
687 471 721 531 in
744 469 878 552 Scythia
901 485 998 546 regna
1020 467 1175 548 frigentia

191 571 379 649 Tanainque
403 568 573 650 glacialem
595 568 675 628 fines
691 569 843 629 Ponticos
867 569 1012 647 proferre
1037 588 1174 625 censue·

191 674 263 740 ria,
288 673 335 730 ibi
351 650 486 749 'quoque
510 685 654 728 naturam
688 671 801 748 patriae
831 686 1092 746 recognoscens,
1125 667 1176 723 fu-

191 792 287 852 gaces
310 774 431 832 incolae
448 793 506 852 per
522 777 617 838 dorsa
632 774 798 833 fluminum
814 773 1033 849 consequeris.
1056 771 1175 828 Vicieti

192 881 426 956 experientiam
445 877 645 959 singulorum
662 882 717 955 qui
734 878 835 936 habea
859 876 1012 933 omnium.
1036 871 1175 931 Privatae

190 980 253 1039 boc
275 984 442 1041 industriae
476 997 539 1039 tuae
564 984 667 1042 debeo
692 1002 755 1059 quo
780 985 834 1038 die
866 982 995 1058 dignum
1029 980 1176 1037 reddidit

187 1085 417 1163 principatum.
452 1085 532 1142 Cum
554 1098 678 1144 tantum
699 1103 815 1142 munus
838 1084 1002 1158 acceperis
1032 1099 1068 1140 nt
1090 1080 1175 1142 nihil

186 1184 250 1242 tibi
274 1189 379 1262 poseit
401 1187 513 1250 adici,
535 1197 658 1241 tantum
682 1184 789 1241 meriti
816 1180 1006 1259 pertulisti,
1041 1197 1077 1238 ut
1099 1181 1175 1240 nul-

188 1287 254 1346 lum
278 1290 447 1367 praemium
471 1288 532 1346 tibi
556 1288 675 1346 debeat
697 1286 849 1362 inputari.

231 1391 291 1449 ΙΙΙ.
315 1391 464 1448 Meruiati
489 1391 666 1468 quondam,
690 1386 813 1445 inclute
838 1385 991 1442 Gratiana
1014 1382 1086 1464 (ι),
1109 1403 1176 1446 me-

158 1523 160 1528 ·
189 1494 286 1551 rniati
310 1505 345 1550 ut
367 1496 405 1552 de
429 1505 461 1550 tc
485 1508 575 1551 encra
607 1493 748 1570 germina
770 1487 995 1568 pullularent,
1028 1500 1064 1545 ut
1085 1507 1173 1546 casea
1239 1542 1241 1546 .

187 1597 395 1653 seminarium
420 1596 647 1674 principatus,
680 1606 717 1653 ut
748 1592 842 1652 fieres
867 1590 915 1671 (a)
940 1611 1023 1652 vena
1045 1591 1173 1672 regalia.

185 1695 331 1756 Erudisti
354 1698 500 1768 liberos,
532 1711 683 1776 parentes
704 1699 851 1757 omnium
873 1716 948 1756 mox
968 1698 1117 1756 futuroar
1139 1699 1175 1756 in

188 1815 268 1875 quoa
291 1811 415 1858 tantum
437 1799 538 1879 frugis
561 1799 658 1857 bonae
681 1798 845 1856 institutio
878 1799 1008 1874 privata
1040 1816 1174 1877 conger-

185 1899 251 1965 ait,
284 1912 320 1957 nt
350 1901 480 1958 fortuna
513 1899 613 1956 hodic
648 1895 767 1954 clarior
801 1893 1042 1972 nil.requirat.
1088 1896 1175 1955 Hinc

187 2001 308 2058 factum
332 2014 396 2068 ert,
413 2002 503 2075 quod
524 2001 715 2072 primaevum
736 1995 899 2071 Nepotem
920 1993 970 2071 (a)
996 1997 1175 2053 castrensia

186 2099 318 2157 decreta
348 2099 505 2179 legerunt.
543 2096 623 2155 Cum
655 2095 789 2154 familiae
812 2105 923 2153 νοείτω
954 2108 1070 2154 natura
1091 2119 1174 2176 pro-

185 2198 363 2267 mitteret‚·
387 2210 425 2256 ut
461 2197 585 2256 cantela
617 2197 719 2277 patria
750 2195 784 2254 in
805 2214 908 2274 puero
940 2194 987 2253 nil
1020 2197 1173 2268 timeret,

184 2316 242 2356 cur
274 2299 418 2357 tardaret
444 2311 520 2358 retae
547 2315 643 2375 quem
669 2309 719 2354 tot
748 2295 895 2375 exempla
922 2297 1048 2376 generis
1076 2282 1170 2358 adae·

183 2400 299 2458 rebant
322 2400 389 2483 (3ss
410 2400 623 2463 Praeiudicata
643 2401 731 2460 bona
752 2402 788 2459 in
811 2418 945 2458 examen
967 2419 1084 2463 vocare
1106 2423 1168 2466 non

181 2498 311 2557 'interest
332 2539 1169 2565 ...........................

187 2642 514 2666 ...........
547 2602 736 2662 incredibili
757 2602 967 2682 providentia
995 2616 1168 2684 utrumque

205 2888 233 2931 (a)
244 2887 291 2924 flod.
299 2883 365 2936 fieris,
377 2895 399 2924 nt
409 2887 470 2935 paulo
483 2894 529 2923 ante
542 2884 626 2923 deberis.

189 3104 193 3110 ⁸
217 3125 251 3176 (ι)
269 3092 395 3166 Gratianus
411 3121 515 3180 Senior,
533 3122 580 3168 etei
595 3121 702 3184 ignobili
731 3123 807 3183 atirpe
834 3132 918 3182 ortua,
947 3123 1063 3184 ringulari
1090 3134 1170 3172 tamen

181 3203 294 3263 caeparia
312 3205 399 3249 robore
416 3215 440 3250 et
456 3205 599 3250 militaribna
625 3205 697 3267 gartia
724 3205 788 3249 viam
816 3205 862 3251 aibl
889 3205 919 3250 ad
945 3220 1044 3267 magnae
1062 3209 1168 3254 honam

181 3287 300 3335 muniritr
320 3286 419 3347 eiusque
436 3289 577 3334 exierimatio
587 3288 719 3347 plurimum
733 3288 810 3332 valuit
827 3289 857 3331 ad
873 3286 1071 3334 Valentinianum
1088 3288 1171 3350 fitium,

178 3372 221 3432 qni
239 3361 327 3414 deinde
344 3367 391 3414 fuit
403 3369 539 3432 Augurem,
556 3371 620 3430 apud
637 3369 761 3429 Principe·
775 3379 799 3416 et
812 3372 930 3419 exercitur
943 3374 1168 3418 commendandam.

179 3457 229 3501 Am.
246 3469 300 3499 m.
321 3467 343 3512 7.

216 3543 252 3594 (a)
269 3537 411 3583 Gratianum
428 3535 552 3582 Iuniorem
567 3538 733 3584 Valentiniani
750 3536 938 3602 primogenitum
967 3555 997 3586 ex
1013 3540 1108 3586 Valeria
1125 3541 1170 3586 Se-

179 3640 235 3671 vera
254 3624 375 3686 coniuge,
394 3638 466 3684 qnam
482 3631 552 3682 pater
568 3609 698 3672 octennem
713 3625 868 3673 renunciavit
892 3628 1024 3691 Augustum
1039 3626 1066 3670 in
1083 3624 1169 3670 caetris

177 3711 243 3768 apud
262 3709 400 3756 Ambianoa.
484 3725 486 3731 ·

215 3800 250 3853 ld)
267 3799 361 3856 Nempe
377 3799 418 3844 avi
435 3807 461 3843 et
476 3798 560 3856 patria.
