2714 4410
495 301 746 355 rnurrrro
953 368 963 379 ἢ
1027 302 1084 354 vn

134 428 308 497 auditoris
334 428 511 498 tenendus
537 450 625 499 erat.
651 432 776 522 ltaque
794 428 923 497 Orator
940 426 979 493 in
1001 447 1107 493 omne

133 561 245 632 genus
281 538 395 607 veluti
431 541 580 630 poeticae
618 537 911 630 amplificationis
936 535 1109 603 excurrit.

133 644 273 711 Idcirco
308 664 426 713 autem
465 647 647 738 precipue
687 647 835 741 ingenio
874 642 1109 734 acuminique

133 773 199 819 suo
235 751 385 820 indulsit
419 753 676 844 Symmachus,
708 752 793 846 quia
823 755 930 846 plane
957 751 1108 819 adulan-

133 864 216 932 dum
243 885 341 949 erat,
367 866 404 934 id
429 866 527 958 quod
551 870 786 958 tum·optime
811 864 867 947 fit,
887 885 996 956 quum
1014 858 1109 928 nihil

131 973 312 1047 mediocre
330 975 512 1069 proferas.
546 977 722 1043 Praeterea
747 973 785 1040 in
813 973 1020 1063 Principum
1044 989 1109 1059 pa·

130 1085 312 1178 negyricis
349 1109 423 1153 uon
448 1082 729 1177 approbationes
765 1083 908 1163 solum,
945 1079 1009 1148 sed
1045 1101 1107 1144 co-

130 1218 227 1262 ronae
263 1198 526 1263 commotiones
563 1195 739 1261 clamores
775 1193 920 1284 plausus
946 1190 1107 1257 excitare

130 1303 313 1384 debebat3
350 1305 510 1372 laudatio
548 1321 665 1371 autem
700 1305 834 1371 usitata
871 1319 908 1369 et
945 1299 1107 1397 vulgaris

129 1414 367 1483 admiratione
392 1415 499 1511 digna
524 1416 644 1484 videri
667 1440 741 1483 nou
765 1415 869 1483 solet.
892 1414 970 1480 Erit
992 1414 1107 1506 igitur

127 1525 251 1620 regula
276 1528 528 1617 Symmachus,
555 1528 733 1621 adquam
759 1551 883 1596 eorum
899 1525 1106 1621 dirigantur

129 1640 336 1722 orationes,
373 1643 436 1733 qui
470 1642 660 1737 ingeniose
686 1659 722 1708 et
747 1638 952 1708 sublimiter
976 1636 1107 1705 volunt

129 1747 263 1816 dicere.
288 1750 418 1832 Immo,
436 1767 609 1842 quantum
635 1772 702 1844 ego
729 1748 902 1840 opinione
917 1767 1104 1841 auguror,

127 1857 312 1924 nonnullis
328 1856 554 1950 potissimum
572 1856 740 1952 gentibus
757 1855 818 1922 hio
835 1853 997 1948 placebit
1012 1855 1104 1922 Ora·

125 1978 205 2043 torm
241 1987 330 2054 quas
367 1964 882 2059 acutumpsententiosumque
921 1963 1103 2031 delectat:

127 2093 238 2164 genus
264 2071 360 2137 enim
384 2071 462 2137 eius
488 2071 705 2161 eloquentie
730 2072 942 2165 plerumque
966 2091 1019 2140 est
1041 2072 1106 2138 ad·
1175 2090 1178 2095 ·

125 2181 303 2252 mirabile.
328 2184 446 2276 Atque
471 2184 509 2251 in
533 2181 745 2272 Symmacho
769 2182 846 2251 hac
870 2183 946 2251 fere
963 2181 1105 2279 ingenii

125 2295 239 2362 forma
266 2295 395 2362 elucet.

171 2427 222 2470 v1.
247 2407 291 2471 At
315 2405 412 2483 idem
435 2406 536 2473 vitiis
560 2406 702 2497 aliquot
724 2429 871 2474 suorum
898 2424 1101 2500 temporum

124 2512 221 2580 haud
239 2536 363 2582 carere
380 2515 535 2584 videtur.
560 2517 600 2584 Id
617 2540 683 2614 ego
698 2518 794 2585 ultro
810 2518 984 2587 concedo.
1003 2519 1101 2607 Quin

122 2623 232 2714 ipse,
260 2622 358 2713 quod
382 2625 496 2717 magis
520 2626 697 2707 interest,
722 2628 855 2694 Auctor
890 2651 967 2695 rem
1002 2630 1102 2697 etin

76 2777 79 2781 -
120 2734 246 2825 primis
275 2735 388 2802 sensit
412 2754 450 2803 et
471 2738 510 2805 in
541 2738 695 2831 quadam
728 2739 888 2833 Epistola
915 2747 950 2802 (¹)
976 2760 1100 2835 aperte

119 2840 176 2909 his
201 2841 327 2911 verbis
352 2843 542 2914 confessus
567 2865 631 2915 est.

271 2953 599 3023 SYMMACHVS
636 2956 951 3026 NAVCELLIO.

168 3063 306 3152 Sumpsi
327 3067 462 3153 pariter
482 3068 641 3159 geminas
658 3068 904 3149 Interamnae,
922 3087 1100 3155 nestorea,

118 3189 162 3238 ut
183 3171 235 3238 ita
260 3172 391 3257 dicam,
416 3200 522 3245 manu
545 3177 714 3267 scriptas,
732 3199 877 3266 quorum
901 3175 996 3264 sequi
1016 3197 1099 3266 gra-

119 3279 265 3347 vitatem
301 3282 429 3349 laboro.
467 3285 592 3352 Trahit
624 3285 717 3352 enim
746 3308 809 3351 nos
834 3309 913 3352 tirus
937 3277 1131 3375 temporis

119 3390 156 3456 in
192 3388 350 3480 argutior
377 3394 581 3476 plausibilis
617 3382 793 3464 sermonis.
832 3396 944 3480 Quare
971 3394 1101 3484 nequius

120 3499 261 3566 admitte
300 3500 455 3591 linguam
487 3504 607 3571 soeculi
641 3503 768 3586 nostri,
804 3520 841 3570 et
874 3505 988 3570 deesse
1021 3504 1101 3570 buit

117 3609 281 3696 Epistulae
304 3612 447 3679 atticam
469 3615 656 3684 sanitatem
674 3616 757 3682 boni
771 3619 918 3682 consule.
943 3615 1101 3704 Dignum

117 3773 1106 3803 -----------......................-..-,---,--

145 3835 184 3889 (ι)
199 3833 253 3880 Lib.
269 3836 307 3884 nl.
329 3849 366 3884 tr.
389 3812 391 3817 .

1145 2419 1207 2467 Viris
1216 2419 1310 2484 aliquot

1141 2489 1280 2548 Symmscbi.
