2714 4410
389 409 481 481 'AD
518 409 928 471 LAVDATIONIS

583 596 618 628 Π
643 594 768 628 ῊΜΠΙ

479 726 834 817 1ἙιῑικοῑνιΕΝΤνΜ

364 896 370 905 ’
444 897 654 944 :alnotus
685 900 893 944 Homeros

228 1038 289 1156 In
325 1098 433 1158 sotice
457 1097 650 1161 Ambrosiano
674 1101 740 1182 (G.
763 1104 812 1162 58.
830 1115 912 1181 part.
938 1095 1030 1180 sup.)
1052 1113 1170 1186 ‘exstat

186 1218 367 1274 anonymum
402 1205 554 1283 quoddam
576 1209 787 1285 Fragmentum
819 1209 923 1264 litteris
951 1203 1168 1286 grandioribus

188 1299 261 1358 licet
284 1301 406 1360 rudibus
429 1317 609 1374 exaratum,
634 1310 718 1364 cuius
740 1319 855 1364 tantum
872 1324 948 1384 pars
970 1304 1066 1362 media
1087 1309 1169 1381 inte-

183 1418 242 1481 gra
265 1401 321 1481 legi
340 1414 461 1476 potest,
494 1403 738 1460 extremitatibus«
757 1407 876 1484 scalpro
899 1409 982 1463 rasis.
1008 1406 1170 1485 Scriptura

186 1502 306 1578 quidem
328 1501 429 1559 soecuh'
451 1499 501 1557 vl.
526 1521 555 1558 se
572 1503 688 1581 prodit.

194 1589 199 1599 ’
224 1604 386 1663 Laudatur
408 1617 509 1660 autem
530 1608 561 1661 in
588 1623 621 1662 eo
655 1604 793 1682 quadam
813 1609 953 1683 princeps
974 1603 1096 1663 Femina
1120 1597 1165 1655 ad

182 1711 317 1785 nuptias,
343 1719 376 1762 ut
396 1705 533 1771 uidetur,
556 1719 716 1764 exornata.
738 1687 841 1764 'Multa
863 1704 935 1762 mihi
970 1706 1001 1760 in
1031 1713 1162 1758 mentem

184 1805 358 1876 ornatam,
376 1807 507 1880 primum
528 1803 725 1874 deductore,
757 1823 846 1880 quem
873 1801 1083 1876 Symmachum
1115 1815 1169 1853 su·

183 1906 336 1984 'spicahon
357 1906 431 1960 Tum
454 1903 624 1982 cogitabam
647 1907 698 1982 agi
713 1904 867 1978 fortasse,
889 1907 941 1962 oei
961 1906 998 1961 de
1020 1900 1171 1963 Flaccilla

188 2009 348 2070 Theodosii
362 2009 403 2064 M.
419 2008 558 2086 coniuge,
574 2007 621 2064 oei
641 2005 678 2062 de
693 2008 805 2063 Sereno
823 2003 982 2062 Theodosii
997 2023 1035 2063 ex
1055 2001 1164 2075 fratrc

186 2127 275 2191 nepte
292 2129 359 2187 quoe
374 2111 473 2184 nupsit
494 2106 664 2174 stilichoni,
680 2108 727 2165 oei
747 2105 874 2184 denique
890 2105 1039 2164 deMoria
1059 2102 1171 2162 horum

190 2219 352 2292 coniugum
364 2211 434 2284 filia
455 2226 545 2284 quom
568 2208 656 2266 duxit
678 2227 801 2267 uxorem
814 2209 967 2268 Honorius
988 2209 1167 2284 imperator.

229 2307 437 2383 Symmachum
452 2305 557 2364 laudes
576 2307 736 2365 Theodosii
748 2309 788 2364 M.
804 2309 954 2385 serpsisse
974 2307 1170 2384 exploratum

187 2425 239 2469 est.
266 2413 356 2488 Atqui
381 2409 453 2484 fieri
484 2410 588 2483 potuit
618 2419 652 2463 ut
683 2406 740 2463 iilis
767 2407 908 2486 Augusta
944 2409 1036 2462 etiam
1066 2404 1170 2461 uxoris

188 2513 292 2571 laudes
302 2515 450 2576 misceret,
461 2509 542 2586 quod
546 2510 627 2585 fecit
638 2512 786 2568 etPiinius
798 2513 829 2567 in
837 2511 960 2568 Troiani
968 2510 1167 2587 Panegyrico.

232 2617 265 2670 tn
287 2612 344 2668 hoc
359 2612 537 2685 Fragmento
559 2625 655 2664 sermo
678 2611 787 2666 multus
809 2608 846 2666 de
865 2611 985 2687 gemmis
1008 2621 1065 2683 est.
1088 2609 1167 2665 Iam·

188 2727 257 2769 vero
279 2718 310 2764 in
330 2707 466 2781 sepulcro
488 2707 596 2760 Moriar
618 2724 668 2765 an.
696 2709 783 2780 1544.
798 2713 900 2766 Roma
919 2710 1037 2768 detecto
1062 2713 1161 2769 mirum

186 2823 371 2886 gemmarum
385 2801 558 2860 thesaurum
574 2818 727 2880 repertum
749 2825 814 2864 esse
840 2823 969 2868 constat.
990 2814 1023 2871 V.
1039 2813 1163 2871 Martia

188 2931 258 2970 num
283 2907 422 2986 Topogc.
452 2903 528 2963 Urb.
552 2905 644 2966 Rom.
665 2907 730 2967 Lib.
754 2911 782 2965 5.
806 2913 878 2989 Cap.
902 2930 952 2969 21.

231 3016 370 3073 Ceterum
387 3011 480 3090 paulo
502 3014 643 3091 gratiora
666 3031 710 3070 me
733 3015 889 3091 impellunt
909 3031 1062 3076 momento
1078 3030 1115 3076 ut
1127 3014 1166 3076 de

188 3117 300 3176 Serena
316 3115 397 3190 ioqui
413 3114 570 3169 Oratorem
584 3114 765 3170 existimem:
782 3132 872 3190 quom
885 3120 1055 3194 opinionem
1070 3136 1170 3177 meam

189 3237 261 3277 mon
282 3217 461 3290 confirmare
483 3211 609 3272 studebo
637 3219 861 3293 conparatione
883 3218 1022 3279 Loudum
1041 3223 1166 3279 Serena

191 3309 400 3378 aetaadtano
424 3321 611 3394 scriptarum.
635 3317 792 3376 Sedenim
812 3319 948 3395 fortasse
981 3324 1090 3380 veritos
1110 3323 1168 3380 att·

174 3408 287 3482 'eunde
304 3434 534 3498 erumpet,‘quce
557 3439 635 3478 meas
657 3421 695 3478 de
717 3426 826 3502 scripto
848 3424 905 3484 hoc
928 3430 1047 3504 eiusque
1071 3444 1166 3506 argu-

192 3536 293 3582 mento
316 3535 346 3579 et
363 3524 488 3580 Auctore
502 3528 681 3602 suspiciones
695 3527 798 3582 inanes
814 3543 965 3606 coarguet,
987 3532 1071 3589 Ultro
1088 3534 1168 3589 enim

185 3625 308 3704 fateor,
330 3622 402 3679 nihii
425 3642 486 3682 esse
507 3629 674 3700 incertius,
705 3628 779 3687 nihil
792 3629 938 3705 fallacius
961 3636 1079 3695 ratione
1100 3638 1172 3696 rota

191 3727 446 3797 coniecturarum.
1156 3702 1160 3709 v
