2714 4410
273 340 314 398 24
505 330 627 381 LIVDH
649 334 685 380 m
706 333 972 390 vsunnrmlsriw

250 458 317 516 cito
338 455 443 516 abisso
467 455 634 511 ductorem
659 452 714 513 vel
747 474 819 513 sero
846 461 983 517 venisse.
1006 455 1224 516 Divinaccn·

250 558 326 617 eilia
356 564 432 633 post
463 555 636 613 terminum
667 566 790 632 patent.
824 554 1044 638 Intellegimus
1078 572 1110 617 te
1146 559 1225 617 ideo

247 655 445 736 praemisisse
467 653 660 724 nonnullos,
686 673 727 712 ne
751 667 837 714 esset
858 659 948 715 tarda
970 659 1126 728 victoria3
1147 659 1223 717 ideo

246 760 420 840 plerosque
452 758 617 827 tenuisse,
650 779 690 816 ne
727 771 814 816 esset
851 758 1026 818 multitudo
1063 771 1225 838 suspectu·¹

234 854 329 922 'Ante
351 859 573 919 Alamanninm
595 860 810 938 mancipasti,
833 877 929 935 quam
952 860 1108 918 interiora
1136 878 1224 938 quae·

248 980 348 1020 seres.
371 960 468 1019 Vides
491 959 578 1018 nihil
600 980 670 1018 esse
704 958 865 1038 prolixum
880 977 996 1041 mogun
1021 960 1225 1018 curantibus:

248 1079 320 1119 neo
342 1073 562 1119 remanentem
594 1057 753 1138 relinquis
779 1058 850 1139 (a),
879 1079 938 1118 nec
972 1078 991 1116 a
1020 1061 1227 1138 praecedente

249 1163 419 1221 desereris.
431 1161 567 1243 Ignosco
580 1165 645 1222 ism
660 1163 792 1222 desidiae
805 1163 1025 1222 barbarorum.
1038 1161 1125 1237 Quid
1136 1163 1231 1223 iuvas

233 1250 394 1342 'quaerere
417 1266 474 1325 nbi
496 1265 703 1344 potissimum
726 1268 838 1346 degas,
864 1286 937 1326 cum
959 1269 1081 1345 ubique
1098 1284 1228 1346 semper

250 1363 434 1445 appareas?

290 1467 388 1525 xvss.
410 1466 498 1523 Cedo
521 1463 628 1533 mihi,
651 1463 849 1544 Imperator,
870 1466 953 1527 belli
975 1468 1104 1529 Iliensis
1124 1470 1228 1529 hiato·

246 1571 350 1641 riam:
373 1570 522 1649 probabo
545 1567 703 1626 Graecism
735 1588 836 1646 parva
868 1569 1036 1628 mentitam
1068 1589 1128 1625 nec
1160 1586 1227 1623 sna·

248 1674 410 1754 gnitudIni
435 1672 570 1728 servisse
592 1690 652 1729 nec
674 1670 762 1730 fidei.
785 1673 883 1730 Aiunt
896 1672 1016 1730 Heroas
1040 1670 1227 1730 adTroiam

248 1775 350 1834 classe
388 1774 511 1833 delatos
549 1775 653 1853 ignoti
687 1774 792 1833 litoris
830 1776 978 1833 timuisse
1015 1776 1227 1844 contactum,

248 1882 354 1942 donec
385 1878 557 1937 formidata
590 1880 744 1955 responsa
775 1876 830 1937 vel
863 1892 1010 1935 strenuus
1032 1876 1227 1935 temeritate

246 1981 496 2063 iniret(1)‚vel
517 1982 630 2038 fraude
653 1984 808 2040 versutus
827 1974 1091 2038 eluderet.'Nolo
1116 1978 1227 2050 dolos,

244 2082 324 2142 nolo
347 2093 529 2141 conmenta.
554 2080 591 2138 In
614 2081 760 2138 exercitu
781 2077 955 2156 Principis
971 2080 1037 2136 mei
1071 2091 1230 2135 certaturn

248 2163 299 2246 est
331 2188 403 2264 quis
436 2186 558 2262 primns
591 2181 714 2239 exiret:
738 2183 876 2240 necdum
909 2186 1051 2237 extrema
1083 2179 1230 2256 riparum

246 2288 377 2352 navalia
398 2300 502 2346 rostra
524 2283 751 2363 pulsaverant,
767 2296 799 2342 et
821 2285 886 2341 iam
908 2280 999 2340 miles
1022 2281 1149 2360 inpiger
1171 2281 1230 2338 de·

223 2393 371 2471 silibat.
392 2389 457 2461 Sub
481 2388 541 2446 tali
562 2388 653 2446 Duce
677 2400 746 2446 tuta
768 2387 901 2447 devotio
926 2386 1105 2465 estsmsgis
1128 2403 1229 2448 uuus·

221 2475 224 2489 ’
249 2493 388 2572 quisque
424 2490 551 2549 curavit
581 2487 714 2565 nequis'
731 2488 891 2556 anteiret,
909 2496 1009 2564 ‘quern
1035 2487 1150 2563 nequis
1173 2502 1233 2545 oc-

250 2604 403 2653 curreret.

291 2690 405 2754 XVIII.
428 2691 505 2751 Plus
529 2693 754 2752 videris'mihi
779 2695 881 2772 egisse
906 2690 966 2773 (b),
983 2693 1231 2769 qusm'cuncti,=

250 2793 306 2870 qui
338 2794 500 2850 fortunam
533 2790 668 2872 singulis
701 2794 896 2871 prestitisti.
922 2792 999 2850 Non
1028 2793 1156 2851 harenis
1178 2793 1231 2850 in-

247 2909 354 2950 mersa
375 2892 498 2950 haesere
522 2891 675 2972 vestigia‚
691 2911 750 2952 nec
767 2893 890 2951 tardior
905 2893 994 2951 nisus
1010 2913 1069 2970 per
1084 2895 1165 2952 vada
1177 2891 1230 2973 (ε)

249 3003 419 3052 cunctatus
435 3005 492 3052 est.
505 2990 637 3051 Mitiora
654 2991 762 3049 omnis
783 2992 855 3049 vise
876 3003 951 3049 sunt
974 3009 1067 3069 quam
1082 2992 1230 3050 fueruut=

248 3092 381 3151 Rhenus
404 3091 555 3172 placidus
578 3074 846 3160 cum⁴aestusret,
878 3103 965 3150 terra
997 3091 1121 3151 stabi1is
1155 3109 1232 3149 cuns

249 3194 458 3262 dehisceret,
480 3192 553 3270 ripa
575 3189 704 3268 planior
726 3208 798 3247 cum
822 3200 971 3250 tumeret.

278 3408 306 3452 (o)
319 3406 367 3444 ced.
380 3376 486 3455 nunnoni,
494 3406 540 3444 dsin
552 3406 623 3443 lucrum
636 3405 762 3456 sollemnii)
774 3405 820 3441 Oed-
833 3417 899 3453 egeus.
912 3408 1150 3453 (ursonvidsrnshsbm
1160 3408 1227 3446 redosc.

277 3609 315 3661 (1)
330 3604 422 3663 Nempe
438 3607 591 3665 Protesilaus,
609 3608 650 3668 qni
668 3608 757 3667 primns
777 3626 849 3670 quum
862 3629 875 3656 s
888 3613 989 3658 navibus
1007 3613 1033 3658 in
1048 3615 1178 3663 Troianum
1196 3619 1228 3663 li-

244 3687 472 3750 tuslsxscsndisset,
490 3689 519 3732 ab
536 3690 642 3739 hectore
660 3690 752 3736 occisus
771 3702 813 3738 est.
830 3692 890 3740 vids
903 3695 1015 3744 Ovidium
1032 3698 1179 3762 Metamorpis·
1190 3715 1234 3747 xrs.

251 3773 294 3832 67.
310 3773 405 3822 nescir.
422 3789 473 3820 κω.
492 3776 532 3834 95.
