2714 4410
421 411 668 488 PLINIANI
699 411 1034 487 PANEGYRIGI

335 629 507 688 vtum
542 626 780 701 ALIQvoT
819 624 1125 684 LEGTIONES

283 1036 512 1157 Sumen
536 1095 727 1159 Orationibus
749 1095 907 1155 interiecto
927 1088 1025 1174 inueni
1047 1085 1131 1162 folio
1158 1091 1224 1148 trio

239 1201 371 1272 (colera
387 1200 482 1278 plane
504 1211 536 1258 et
556 1195 597 1255 ub
619 1197 725 1257 eodem
745 1213 805 1274 quo
825 1189 1016 1265 Symmachus
1037 1206 1224 1247 amanuense

236 1306 376 1383 scripta)
398 1303 531 1360 Plinianl
549 1302 728 1378 panegyrici
749 1299 919 1377 porticulus
951 1290 1105 1374 babentia.
1134 1293 1222 1362 Qua·

238 1420 304 1459 rum
319 1402 545 1477 particulorum
566 1393 703 1454 institutd
728 1416 794 1455 cum
816 1397 902 1453 editis
924 1395 1100 1461 collatione,
1115 1393 1224 1468 ingens

236 1517 269 1558 se
283 1498 424 1578 prodidit
442 1500 604 1557 lectionum
624 1503 772 1566 uarietas,
789 1519 880 1577 quom
902 1498 959 1556 boc
981 1500 1047 1556 loco
1071 1493 1217 1552 exhibere

236 1619 297 1660 non
313 1603 405 1680 piget.
427 1602 476 1658 Sic
497 1602 574 1658 enim
597 1613 629 1658 et
641 1601 779 1658 Pliniana
795 1604 907 1678 scripto
926 1596 1096 1658 emendatio
1111 1594 1222 1669 aliqua

239 1700 384 1772 accedet,
408 1713 441 1759 et
459 1701 547 1758 simul
577 1699 727 1759 constabit
756 1719 846 1778 quam
873 1701 1031 1777 praeclaris
1057 1695 1220 1754 codicibus
1272 1718 1275 1739 ³

233 1820 288 1861 nos
315 1814 455 1870 utamur,
478 1821 627 1880 quomque
649 1801 802 1860 Editiones
829 1805 921 1860 etiam
942 1803 1063 1879 optimae
1084 1819 1105 1858 a
1132 1812 1222 1859 oete·

235 1919 302 1961 rum
323 1902 542 1980 exemplarium
556 1898 623 1976 fide
646 1901 732 1979 longe
755 1902 939 1961 recesserint.

256 2172 408 2231 EDITIO
437 2166 692 2235 ARNTZENII
851 2168 1122 2226 PALIMPSESTVS

317 2295 516 2374 Austeloedaui
540 2292 623 2368 1238.
797 2294 822 2345 A
834 2292 864 2347 Μ
876 2291 897 2346 Β
910 2291 969 2347 RO
983 2290 1001 2346 S
1013 2291 1028 2347 1
1039 2289 1101 2348 AN
1115 2287 1176 2342 VS

650 2511 719 2568 Ceu.
738 2510 805 2568 VII.

235 2698 263 2769 4'.
281 2701 364 2753 Alter
383 2699 465 2768 eligi,
487 2698 561 2750 elter
581 2658 714 2769 eligeres
750 2701 832 2753 Alter
853 2700 945 2772 elegi,
965 2701 1037 2755 alter
1057 2701 1178 2774 elegere.

282 2791 442 2858 Adoptatus
463 2806 504 2843 es.
747 2793 910 2862 Adoptatus
932 2807 984 2847 eet.

284 2884 367 2936 Alius
388 2896 474 2955 atque
496 2882 583 2938 alius.
750 2887 832 2940 Alius
866 2886 961 2958 adque
995 2887 1069 2944 alius
1103 2888 1213 2967 antiqui

779 2982 983 3061 orthogropbid.

237 3067 263 3128 5.
283 3071 329 3128 Au
348 3084 477 3129 sonetum
494 3075 691 3147 populumque
750 3077 894 3142 confirmor
919 3077 1054 3132 lectionem
1074 3077 1228 3136 Androsia·

332 3182 492 3221 romanum.
786 3187 840 3222 nus
854 3168 1054 3247 palimpsestus.

284 3256 350 3311 Non
368 3275 422 3328 per
443 3270 540 3313 totam.
747 3256 811 3312 Non
833 3272 920 3315 totum
940 3282 1003 3333 per.

284 3355 374 3423 Quem
393 3352 457 3408 Diis
478 3354 658 3409 simillimum
748 3354 837 3424 Quem
858 3356 1066 3428 dignissimum.

239 3442 266 3501 6.
287 3443 326 3500 Ut
342 3447 436 3518 poesie
457 3466 520 3504 esse
541 3463 702 3506 contentus.
751 3447 790 3504 Ut
808 3469 909 3522 posses
930 3471 993 3508 esse
1014 3464 1179 3510 contentus.

284 3539 447 3612 Superbum
479 3546 557 3601 istud
590 3543 618 3602 et'
645 3567 691 3602 re·
749 3547 910 3620 Superbum
945 3553 1014 3605 istut
1047 3563 1076 3605 et
1114 3553 1226 3626 regium

331 3640 433 3712 glum,
453 3642 520 3697 nisi.
792 3660 854 3712 est,
873 3646 940 3701 uisi‘.

238 3754 267 3812 7.
284 3737 426 3796 Genueris
447 3752 493 3796 eu*
504 3740 626 3813 elegeris
755 3741 896 3800 Genuerit
915 3762 952 3800 au
971 3741 1091 3816 elegeri(
1103 3746 1125 3812 ).
