2714 4410
509 350 625 396 onemo
648 349 848 398 moserano
1104 335 1143 412 ⁵7
1175 370 1178 374 Δ

204 465 373 546 multoque
389 468 504 529 itinere
517 474 672 540 decurso,
688 474 728 530 ad
744 472 898 530 honorem
913 489 1006 548 paene
1022 470 1171 548 exiguum

196 570 383 650 navigasse?
398 593 469 632 cum
487 572 632 652 plerique
650 571 695 654 (a)
712 574 878 634 hominum
894 571 1045 631 viliorum
1061 588 1165 650 prope

196 687 214 726 a
240 675 370 731 summis
403 677 615 750 potestatibus
651 676 853 733 inchoarent.
883 671 945 732 Sed
971 675 1058 731 boue
1088 690 1164 729 oon-

194 772 330 829 ecientia
352 773 435 834 iliud
458 777 548 834 ducit
570 777 723 834 eximium
750 779 836 852 quod
867 775 937 852 ipse
961 788 1163 852 susceperant

195 891 332 950 eumque
354 879 499 934 ordinem
521 880 636 936 statuit
656 877 897 957 magistratuum
914 894 1007 952 quem
1024 876 1163 932 iecerint

194 975 310 1032 merita
338 993 508 1038 rectorum.
538 978 649 1037 Nescit
677 975 810 1056 publica
839 978 952 1034 merita
979 975 1165 1033 nominihus

194 1078 366 1136 aestimaret
390 1093 422 1136 et
443 1079 527 1137 iliud
550 1092 645 1158 putat
666 1098 737 1136 esse
760 1080 940 1158 fastigium,
963 1079 1050 1155 quod
1074 1093 1166 1155 aece-

190 1177 278 1252 perit
299 1180 488 1258 digniorem.

234 1276 287 1334 IV.
310 1278 425 1337 Crevit
447 1281 527 1338 adeo
551 1276 610 1338 illo
634 1292 778 1359 tempore
801 1279 1011 1358 praesidatus,
1031 1295 1169 1354 seseque

190 1377 231 1433 ed
249 1364 507 1456 'magnitudinem
528 1384 666 1460 regentis
691 1383 838 1439 tetendit.
857 1381 898 1437 Et
913 1399 985 1438 cum
1000 1376 1168 1458 potissimi

191 1477 255 1534 viri
277 1475 410 1556 gloriam
431 1483 600 1558 provincia
622 1502 685 1540 una
707 1503 771 1540 non
800 1495 953 1561 caperet,
985 1482 1053 1558 egit
1077 1480 1167 1536 fama

146 1564 152 1573 ⁷
191 1574 290 1635 latior
310 1584 477 1660 negotium
500 1604 611 1653 suum,
634 1596 670 1642 ut
693 1582 899 1654 Theodosio,
923 1583 1083 1659 quondam
1107 1579 1169 1636 mi-

188 1674 332 1736 litarium
347 1686 571 1761 magistrorum
588 1680 803 1744 celeberrimo
821 1684 882 1766 (ι),
901 1680 1070 1741 consultor
1083 1672 1169 1738 belli

186 1797 246 1854 per
272 1782 411 1841 Africam
441 1788 636 1867 iungeretur.
667 1783 728 1845 Hie
761 1789 827 1845 ism
860 1782 1066 1844 dissimulare
1100 1800 1167 1838 non

188 1895 319 1955 possum
341 1886 420 1960 quid
449 1887 614 1952 testimoni
642 1921 1157 1944 .................

487 2080 613 2158 Reliqua
635 2079 853 2140 desiderantur.

216 2673 252 2727 (ι)
270 2671 383 2734 intellige
400 2671 560 2716 Theodosium
576 2670 655 2733 magni
672 2667 800 2716 Theodosii
813 2679 917 2730 patrem.
931 2673 973 2732 qui
990 2669 1111 2729 praeierit
1124 2683 1166 2716 re·

179 2759 223 2805 leue
238 2773 282 2817 per
292 2758 395 2803 Africam
414 2758 499 2821 gestie,
510 2759 605 2802 tandem
623 2757 765 2820 Carthagine
781 2758 860 2802 aulica
877 2756 968 2803 invidia
986 2771 1114 2815 oppressus
1131 2768 1168 2799 eat

177 2858 245 2887 anno
262 2843 368 2888 Gratiani
386 2857 441 2902 post
458 2844 651 2889 Valentinianum
673 2829 811 2903 imperantis
834 2845 928 2903 primo,
952 2844 1042 2891 Christi
1060 2843 1116 2901 376.
1133 2844 1165 2889 Et

180 2925 292 2985 quonism
308 2927 385 2989 tangit
402 2930 487 2972 Orator
505 2929 588 2972 Severi
605 2928 732 2986 militaria,
749 2941 776 2972 ut
793 2929 911 2985 videtur,
932 2928 1055 2978 facinoros
1075 2927 1163 2971 venie-

183 3010 224 3053 bat
238 3009 298 3054 mihi
313 3011 339 3054 in
356 3025 458 3059 mentem
474 3013 559 3057 Severi
576 3015 640 3070 apud
655 3015 800 3058 Anneianum
817 3029 878 3070 sepe
896 3012 1027 3056 memorati.
1050 3012 1163 3055 Occurrit

180 3107 282 3152 namque
298 3093 399 3138 Severus
415 3097 526 3158 magister
543 3098 662 3156 peditum,
684 3113 754 3157 quem
775 3097 947 3142 nonnullorum
969 3095 1062 3150 studia,
1079 3108 1158 3154 egro-

179 3185 244 3220 tante
252 3177 428 3236 Valentiniano,
437 3183 552 3236 petebant
567 3183 735 3240 imperatorem
743 3194 817 3226 xxvu.
828 3180 851 3225 6.
860 3180 926 3224 Idem
944 3178 1011 3224 ducit
1027 3177 1158 3222 exereitum

179 3274 263 3305 eontra
280 3263 381 3307 Saxones
399 3276 480 3308 xxvna.
496 3266 518 3308 5.
531 3266 601 3310 Idem·
612 3266 693 3328 pergit
710 3265 799 3323 primus
818 3277 902 3310 eontra
914 3265 1058 3310 Macrianum
1075 3276 1155 3324 regem

180 3335 363 3391 Alamannorum
374 3360 436 3390 xxix.
448 3361 472 3404 4.
481 3350 554 3393 Immo
564 3351 648 3394 Severi
664 3350 777 3394 militaria
795 3349 901 3394 facinora
917 3358 1104 3397 amentaretur.
1120 3359 1157 3390 ιο.

184 3441 222 3475 ιι.
243 3441 281 3474 aa.
298 3431 400 3479 Seruus
418 3434 476 3477 itam
493 3432 675 3481 domesticorum
692 3435 775 3482 Comae
792 3448 866 3479 xxvia.
887 3438 908 3480 8.
