2714 4410
524 320 775 376 PRHA'HO
1069 325 1096 383 V
1183 374 1186 380 .

166 445 284 537 quarti
308 442 468 539 Epistola
499 449 574 532 ait,
607 472 646 517 se
672 449 717 517 ad
748 449 967 542 Eupraxium
997 452 1144 524 mittere

163 558 389 625 recentiores
414 559 574 653 quinque
589 559 744 630 ineditas
764 562 964 644 orationes,
990 588 1143 656 quarum

161 671 228 735 uni
252 670 322 736 iam
343 669 508 740 fiduciam
525 671 671 740 fecisset
685 671 855 766 publicus
878 673 990 742 favor.
1007 672 1141 745 Breues

161 799 284 850 tamen
300 781 364 851 has
381 783 586 874 Symmachi
611 786 929 854 commentationes
954 785 1063 852 fuisse
1076 809 1139 885 ¹ar·

161 890 302 976 hitror‚
333 895 626 988 quandoquidem
657 897 736 988 ipse
762 896 977 988 plerumque
1007 895 1144 964 vocitat

161 1003 402 1074 oratiunculas.
425 1005 640 1100 Panegyrici
667 1005 745 1070 eius
777 1003 815 1069 in
848 1019 1038 1091 tyrannum
1064 1003 1143 1070 Ma·

159 1111 296 1179 ximum
322 1112 564 1180 meminerunt
578 1113 667 1180 item
685 1108 952 1187 Cassiodorius,
977 1112 1142 1179 Socrates

159 1236 195 1286 et
219 1218 448 1312 Nicephorus
468 1229 525 1285 (υτ
554 1221 656 1288 cuius
688 1219 865 1288 orationis
896 1217 1143 1287 defensionem

159 1331 293 1400 deinde
336 1333 516 1399 instruero
556 1331 787 1422 Symmachus
827 1348 973 1397 coactus
1013 1350 1069 1397 est
1092 1335 1143 1396 (a).

157 1442 277 1532 Atque
303 1440 374 1507 huc
399 1440 539 1508 scilicet
571 1439 751 1508 sententia
786 1437 976 1507 reserenda
1001 1453 1145 1502 estou-

159 1551 301 1618 iusdam
318 1553 390 1618 loci
406 1556 464 1634 (³),
489 1574 564 1644 quo
577 1554 711 1620 Auctor
728 1552 800 1619 ait:
816 1572 924 1617 unum
949 1547 1143 1616 litterarum

150 1659 391 1751 familiarium
403 1680 513 1749 genus
527 1660 596 1728 sibi
610 1682 784 1747 superesse
793 1676 880 1749 post
893 1681 1029 1725 umarus
1045 1676 1142 1723 curuo

149 1771 350 1839 orationum
380 1794 528 1840 rutarum.
561 1773 709 1866 Nempe⁴
728 1772 877 1840 Maximi
903 1772 1000 1840 dicto
1026 1773 1162 1839 Pauo·'

155 1882 308 1977 gymno,
344 1906 487 1978 gravem
514 1883 750 1951 offensionem
777 1883 872 1975 apud
897 1881 1140 1950 Theodosium

160 1996 320 2084 suscepit
336 1993 584 2093 Symmachus:
610 1994 712 2060 cuius
732 1994 905 2081 periculi,
930 2011 969 2060 ut
995 1995 1146 2083 opi-nor,

156 2098 335 2166 evadendi
361 2121 502 2179 causa‚-
525 2116 656 2191 praeter
693 2118 926 2167 memoratam
955 2100 1142 2166 defensio·
1237 2094 1241 2102 ’

153 2234 261 2292 nem,
286 2200 413 2279 ciuiles
438 2210 549 2277 otiam
574 2228 612 2278 ot
635 2208 788 2278 bellicas
813 2209 928 2304 ipsius
944 2206 1140 2279 Theodosii

151 2324 275 2392 laudes
300 2323 377 2391 stili
401 2321 541 2390 honore
565 2322 748 2414 percurrit
764 2331 810 2387 (4).

199 2457 251 2502 rv·
277 2432 346 2502 Sed
380 2435 476 2500 enim
508 2452 581 2501 tam
612 2430 797 2501 laudatum
835 2451 907 2500 tam
946 2434 1133 2526 copiosum
1210 2472 1270 2518 0cto
1287 2473 1346 2521 0„‚

153 2563 226 2613 tam
265 2562 427 2613 veterem
467 2563 678 2624 oratorem,
724 2562 765 2612 ut
803 2544 997 2635 plerosquo
1044 2545 1135 2612 alios
1166 2540 1345 2601 ⁴fl⁰m¹m⁸un=

1174 2611 1252 2654 machi
1259 2612 1346 2669 deper-

82 2739 87 2751 .
151 2655 265 2723 doctas
292 2657 518 2747 antiquitatis
548 2656 715 2740 labores,
752 2676 844 2724 casca
881 2655 1044 2747 quaedam
1069 2678 1138 2722 nes
1175 2676 1343 2724 attamen„-

1175 2755 1211 2791 ω
1222 2749 1343 2813 detegun-

151 2764 300 2842 cessitas
347 2762 571 2832 aholeverat.
611 2762 743 2833 Ferrea
783 2766 1136 2858 quippe-tempora
1176 2823 1225 2861 m·

148 2894 292 2944 versata
327 2893 411 2943 sunt
446 2876 486 2943 in
522 2878 620 2945 omni
656 2898 798 2973 genere·
825 2879 1002 2972 perdendi
1028 2897 1138 2972 atquo

144 2983 332 3052 'vastandis
357 2985 540 3077 iniitque
566 2984 715 3053 barbari
740 2988 866 3055 nescio
892 2988 956 3078 qui
977 2990 1136 3077 Symma-

153 3089 259 3157 chum
284 3115 429 3186 quoqne
455 3110 620 3162 nostrum
649 3113 724 3160 non
754 3093 968 3161 dubitarunt
992 3096 1138 3161 uternis

154 3199 317 3269 tenebris
341 3205 527 3297 exitioque
555 3206 738 3275 mandare.
757 3207 799 3273 ln
816 3228 888 3297 quo
914 3203 1044 3272 audaci
1068 3206 1138 3274 im·

151 3310 323 3401 munique
359 3314 514 3380 consilio
555 3304 650 3406 proh
693 3315 820 3404 quanti
856 3314 1036 3408 ingenii,-
1060 3313 1138 3381 elo-

152 3425 329 3515 quentiae,
350 3428 556 3496 ,venustatis
581 3425 812 3523 naufragium
834 3425 970 3494 fuctum
995 3424 1068 3494 est!
1093 3428 1140 3496 Ar

176 3727 214 3778 (1)
230 3702 337 3770 Consule
353 3723 439 3770 citatos
466 3723 540 3783 paulo
561 3732 616 3768 suta
640 3725 728 3770 hornus
744 3724 875 3770 ductorum
898 3723 967 3766 iocos
993 3719 1139 3791 pedianus

143 3796 172 3853 in
183 3807 346 3893 Editiouibns.
362 3813 400 3868 (a)
416 3808 508 3869 Symm-
514 3808 589 3870 Epist.
609 3809 661 3858 Lib.
673 3812 701 3857 11.
717 3810 756 3856 31.
774 3811 812 3867 (3)
827 3806 878 3858 nih.
890 3821 943 3867 vus.
955 3805 996 3868 ⁶9.
1011 3811 1050 3866 (4)
1061 3809 1091 3853 11.
1105 3804 1161 3853 13«,-
