2714 4410
416 319 579 370 seniorem
601 320 772 370 treveren
793 307 841 376 Iis
1057 333 1094 394 ¹9

172 425 242 505 Vll.
262 444 302 504 Iu
326 443 415 524 quod
437 442 633 524 periculum.
647 482 655 503 .
669 487 678 504 .
693 442 863 524 prolapsus
885 441 953 504 esti
967 443 1116 506 Formam

136 546 283 626 cognitio
306 587 315 603 .
336 585 345 603 .
367 583 377 604 .
398 563 459 602 nec
482 544 667 610 describere
690 547 794 604 audeo
823 564 883 605 nec
911 557 1020 604 escere
1045 588 1052 604 .
1075 589 1083 606 .
1106 590 1114 606 .

133 647 230 709 innos
254 643 331 704 fidei
354 665 425 723 quae
450 647 563 703 suadet
585 642 633 724 (a)
658 644 817 704 audacis.
839 685 849 704 .
870 657 1024 715 „nutura
1046 663 1116 705 tuu-

129 734 191 806 nus
215 765 337 810 occur,
352 789 362 807 .
377 790 385 808 .
402 748 447 806 oli
470 749 616 809 tribunal
632 792 639 807 .
656 788 664 807 .
683 789 691 808 .
707 750 849 808 duorum
866 748 1033 807 fluminum
1054 792 1063 808 .
1081 791 1116 811 ..

132 877 229 938 gnara
252 861 394 918 dedecus
418 899 427 917 .
512 876 625 916 monus
649 858 791 936 geminas
814 873 963 935 aggerum
986 857 1116 916 institu-

129 959 234 1018 tiones
256 957 341 1018 mole
368 957 509 1021 vsllsvit
532 955 594 1036 (1).
626 956 781 1015 Succedit
813 973 919 1012 scsens
950 975 1116 1015 murorum

129 1075 255 1122 tautum
277 1083 317 1123 ex
340 1084 378 1122 ee
400 1075 493 1141 perte
518 1060 681 1137 declivis,
705 1077 771 1137 qus
791 1061 952 1136 margines
980 1059 1118 1117 turrium

128 1164 249 1225 fluente
283 1169 517 1245 perstringunt.
555 1165 638 1224 Nam
677 1165 843 1231 bracchiis
878 1161 926 1243 (b)
960 1167 1114 1243 utrinque

127 1265 263 1325 Rhenus
284 1278 439 1344 urgetur,
472 1276 509 1322 nt
541 1265 574 1325 iu
607 1267 715 1325 varios
738 1283 814 1322 usus
837 1277 942 1322 tutum
969 1264 1121 1342 presbeso

127 1379 352 1426 commentum.
375 1363 450 1444 Ipss
472 1364 552 1435 illo,
577 1386 648 1445 quae
677 1364 929 1448 propugnaculis
960 1369 1115 1428 ambiun-

128 1479 205 1534 tur,
239 1483 337 1544 opere
370 1483 426 1523 suo
460 1469 614 1527 decenter
647 1481 760 1527 ornsts
792 1480 876 1526 sunt.
908 1468 959 1526 Its
987 1467 1111 1525 crebris

127 1566 276 1624 hiatibus
300 1569 457 1625 destricta
480 1569 669 1626 coniunotio
694 1566 810 1645 pendit
838 1569 961 1624 exitum
984 1565 1117 1642 glande-

128 1671 221 1728 stinis
239 1667 283 1749 (c)
297 1670 437 1729 iactibus
461 1671 660 1752 sagittarum.
683 1669 755 1730 Stet
769 1671 885 1728 medice
900 1669 984 1728 ercis
1004 1680 1117 1726 aurete

127 1768 334 1840 sublimitas,
358 1782 390 1827 et
412 1783 499 1829 tecto
524 1774 664 1830 comitur
685 1790 743 1850 pro
767 1785 898 1850 tropeos
924 1772 977 1829 cui
999 1787 1117 1848 perur-

72 1907 79 1921 ι
129 1875 197 1934 dui·
219 1886 253 1932 ct
285 1874 320 1931 in
352 1893 455 1950 prona
487 1873 626 1934 declivis
652 1873 700 1951 (d)
723 1872 806 1943 levis
844 1871 972 1948 plumbi
1008 1872 1113 1931 lorice

129 1973 325 2031 subtexitur.
349 1969 453 2042 Quem
475 1971 558 2037 tibi,
581 1971 747 2047 Auguste,
770 1972 911 2028 animum
944 1990 1017 2028 cum
1044 1971 1119 2030 hsec

131 2078 290 2134 conderes
319 2071 421 2129 fuisse
455 2069 648 2128 credamus?
681 2072 775 2149 quusi
806 2071 969 2129 sollicitus
992 2071 1120 2129 munite

128 2173 266 2244 fecisti,
288 2170 383 2249 quusi
405 2188 537 2229 securus
560 2170 692 2228 ornasti.
1112 2160 1117 2175 ’

175 2271 260 2331 VIII.
293 2269 444 2330 Prodidit
474 2282 567 2331 vetus
601 2270 715 2330 fabula
731 2270 747 2340 ’,
778 2269 951 2351 Gigantum
987 2284 1118 2331 manum

130 2362 311 2456 quondum
335 2387 503 2435 montanas
538 2373 636 2432 turris
673 2364 824 2431 intulisse
861 2372 1023 2431 sideribus
1056 2369 1118 2452 (s).
1170 2357 1174 2364 ¹

130 2476 227 2536 'Talis
248 2478 333 2535 lorte
356 2477 550 2553 temptavits
573 2494 678 2553 neque
713 2476 800 2532 enim
831 2486 1013 2558 terregeuss
1037 2474 1119 2534 licet

132 2582 270 2639 iuvenes
293 2576 427 2636 Pelions
449 2573 555 2656 sdque
590 2578 702 2638 Osssm
736 2579 923 2640 convexisse
956 2579 1119 2640 credibile

75 2709 79 2719 s
130 2691 195 2738 est.
216 2677 302 2736 Dum
335 2676 442 2736 solitis
474 2678 598 2737 maiore
636 2692 814 2749 conentur,
847 2679 974 2740 infirme
1010 2679 1119 2741 moliti

130 2791 217 2840 sunt.
241 2777 306 2837 Sed
328 2778 413 2837 sams
435 2780 527 2836 suxis
547 2777 729 2849 invidiam,
751 2791 789 2837 ut
814 2780 973 2861 fragilitas
1007 2782 1117 2860 operis

128 2877 353 2959 neglegentius
388 2877 575 2950 conlocati,
602 2877 752 2939 simulatis
777 2879 954 2941 Nominum
987 2883 1118 2961 conspi-

132 2981 277 3050 ratione,
300 2980 398 3061 culpe
419 2996 544 3042 careret
565 2985 711 3044 incuriae.
733 2984 799 3042 Aut
822 2987 850 3043 si
871 3003 978 3043 rerum
1000 2985 1117 3045 talium

157 3145 192 3240 (ss)d
197 3142 323 3242 0⁰⁴¹szde
334 3144 361 3191 (d)
371 3146 459 3185 Iteved.
469 3159 514 3186 cnm
525 3146 603 3197 duplici
614 3159 626 3184 e
637 3154 658 3184 nt
669 3148 691 3185 in
703 3147 747 3186 tilis
759 3147 845 3196 antiquit
856 3129 919 3183 cesi.
929 3148 956 3193 (e)
966 3147 997 3183 lte
1007 3143 1054 3181 cod·
1065 3155 1111 3182 cum

134 3215 154 3250 g·
171 3206 259 3249 (ico.
295 3204 355 3244 e'ees.

156 3356 197 3418 (ι)
214 3354 334 3416 Loquitur
352 3357 456 3418 Orator,
479 3368 510 3405 nt
526 3368 606 3420 puto,
633 3361 664 3405 de
684 3360 729 3404 illo
747 3358 895 3404 munimento
923 3360 990 3405 celso
1010 3368 1035 3404 et
1050 3368 1119 3424 tuto,

125 3443 222 3503 quode
240 3443 410 3490 Valentiniano
429 3461 505 3506 prope
523 3447 634 3518 Nigrum
646 3445 747 3492 lineium
771 3446 895 3492 conditum
915 3453 999 3492 norm
1014 3446 1117 3493 minis-

125 3540 171 3570 ncs
189 3539 273 3570 urin.
292 3539 316 3570 s.

157 3612 195 3665 (α)
213 3611 298 3658 Obiter
314 3629 421 3674 moneo,
439 3617 594 3664 Themistinm
611 3619 637 3664 in
655 3618 771 3664 Oratione
783 3632 833 3664 κω.
852 3633 904 3680 qnsr
917 3627 954 3666 est
966 3618 996 3664 de
1008 3616 1117 3677 pulchri·

129 3693 217 3739 tudine
241 3696 353 3744 credent
375 3699 458 3755 (Edit.
477 3701 551 3746 Ilsrd.
572 3716 596 3760 p.
621 3701 776 3761 176-177.·)
801 3716 985 3748 commemorem
1013 3715 1117 3763 pugnem

130 3779 258 3844 Gizentun
273 3801 333 3833 eree
349 3787 453 3855 imagine
474 3804 610 3849 upresssm
626 3799 683 3836 ente
702 3791 792 3837 curiam
808 3787 1108 3847 Constantinopolitanae.
