2714 4410
371 381 630 442 ORATIONIS
652 386 742 445 PRO
766 387 962 454 SYNESIO

393 508 401 537 t

510 611 814 660 laureatum!

225 871 328 992 Hae
350 932 493 989 Oratione
514 930 692 1012 dignitatem
705 935 886 992 senatoriam
901 936 1064 1010 impetrare
1081 954 1156 995 con·

184 1032 281 1088 tendit
299 1032 490 1104 Symmachus
503 1035 625 1102 synesio
649 1035 758 1090 Iuliani
770 1034 847 1108 filio.
875 1035 970 1091 Porro
984 1035 1153 1104 lulianum,
1207 1064 1210 1069 ¹

183 1137 371 1212 eloquentem
385 1139 491 1206 uirum,
509 1135 695 1210 familiarem
708 1156 746 1193 oc
761 1138 959 1195 necessarium
972 1155 1060 1194 suum
1075 1154 1156 1194 com-

184 1238 310 1297 mendac
328 1241 456 1296 Ausonio
479 1236 558 1297 taem
578 1239 769 1311 Symmachus
790 1239 924 1318 Epistola
948 1239 996 1311 43.
1018 1236 1102 1295 Libri
1128 1257 1154 1297 t.

185 1339 262 1409 Quin
285 1337 326 1394 ad
347 1338 496 1393 lulianum
518 1340 691 1403 Rusticum,
723 1343 774 1414 qui
789 1340 882 1415 piane
915 1359 988 1397 unus
1017 1338 1154 1417 idemque

185 1441 301 1501 uidetur
321 1443 383 1505 oir,
417 1436 520 1493 scribit
550 1451 650 1493 noster
673 1441 785 1497 Orator
816 1441 899 1498 Libri
923 1446 1007 1498 tertii
1031 1443 1152 1519 priores

182 1540 329 1616 Epistulas
351 1520 474 1600 nouem,
496 1555 624 1612 quarum
646 1539 675 1592 in
696 1540 824 1614 septima
846 1542 893 1596 ait
922 1541 1034 1606 etiam,
1056 1538 1153 1592 soilli

183 1641 302 1697 mittere
313 1635 541 1692 Oratiunculam
550 1634 712 1710 quamdam
721 1655 807 1694 suam
818 1641 846 1694 in
855 1646 965 1695 Senatu
979 1639 1151 1701 recitatam,

184 1755 252 1813 qua
266 1749 364 1791 tamen
379 1750 437 1791 non
452 1733 538 1790 huius
556 1739 723 1813 argumenti
731 1734 828 1807 fuisse
844 1735 971 1794 uidetur.
990 1736 1154 1811 Aliquanto

180 1842 305 1916 propius
326 1835 366 1890 ad
387 1853 452 1891 rem
473 1848 605 1892 nostram
626 1833 745 1889 accedit
764 1833 844 1910 quod
875 1847 984 1891 narrat
1005 1836 1152 1893 Neoterio

182 1933 375 2004 Syonuaebus
396 1930 530 2010 Epistula
553 1931 604 2004 43.
622 1930 711 1988 'Libri
733 1931 761 1986 5.
784 1932 821 1987 de
848 1936 991 1991 Oratione
1023 1953 1078 1990 sua
1095 1951 1156 2009 po·

182 2039 343 2096 stuiatoriu
364 2039 394 2092 in
416 2040 528 2092 Senatu
552 2037 701 2118 recitata:
733 2058 751 2087 o
782 2035 1046 2102 Oratiunculam,¹
1065 2052 1158 2110 quam

183 2164 201 2192 n
222 2143 360 2217 proxime
381 2141 412 2194 in
432 2141 546 2194 Senatu
567 2137 663 2194 babui
674 2179 684 2207 ,
708 2136 749 2195 ad
770 2150 799 2193 te
821 2142 905 2205 misi,
937 2137 975 2195 de
996 2157 1057 2217 qua
1081 2141 1156 2200 Car·
1186 2120 1188 2125 ,

182 2263 200 2292 o
226 2243 332 2295 terium
364 2249 460 2293 tecum
488 2238 576 2312 piene
597 2236 731 2294 arbitror
758 2237 947 2296 collocutum.
976 2240 1056 2297 Nam
1072 2247 1158 2319 peti·

181 2367 199 2397 n
224 2344 298 2401 tiooi
318 2352 426 2398 nostra
446 2339 570 2397 auditor
589 2337 737 2413 interfuit.
770 2341 809 2397 tr
828 2342 962 2415 quamuis
984 2345 1075 2400 totius
1099 2347 1159 2402 Or·

182 2466 200 2496 a
226 2442 302 2496 druis
322 2441 454 2498 secunda
474 2439 622 2520 suffragia
646 2445 757 2518 cepisse
779 2445 958 2510 uideamur,
989 2445 1020 2500 in
1042 2456 1070 2501 te
1093 2463 1157 2506 uno

182 2565 200 2595 u
225 2554 326 2602 tomen
347 2558 491 2600 sumniam
512 2543 672 2600 testimonii
691 2541 872 2601 collocamus
881 2567 912 2602 n.
