<?xml version="1.0" encoding="UTF-8"?>
<!DOCTYPE html PUBLIC "-//W3C//DTD XHTML 1.0 Transitional//EN"
    "http://www.w3.org/TR/xhtml1/DTD/xhtml1-transitional.dtd">
<html xmlns="http://www.w3.org/1999/xhtml" xml:lang="en" lang="en">
 <head>
  <title>
</title>
<meta http-equiv="Content-Type" content="text/html;charset=utf-8" />
  <meta name='ocr-system' content='tesseract 3.04.00' />
  <meta name='ocr-capabilities' content='ocr_page ocr_carea ocr_par ocr_line ocrx_word'/>
</head>
<body>
  <div class='ocr_page' id='page_1' title='image "./qaureliisymmach00symmgoog_0027.png"; bbox 0 0 2714 4410; ppageno 0'>
   <div class='ocr_carea' id='block_1_1' title="bbox 432 380 923 471">
    <p class='ocr_par' dir='ltr' id='par_1_1' title="bbox 432 380 923 471">
     <span class='ocr_line' id='line_1_1' title="bbox 432 380 923 471; baseline -0.02 0"><span class='ocrx_word' id='word_1_1' title='bbox 432 380 435 384; x_wconf 90' lang='lat'>·</span> <span class='ocrx_word' id='word_1_2' title='bbox 487 418 885 471; x_wconf 67' lang='lat' dir='ltr'><em>ultavit-eluamus</em></span> <span class='ocrx_word' id='word_1_3' title='bbox 920 454 923 459; x_wconf 93' lang='lat'>.</span> 
     </span>
    </p>
   </div>
   <div class='ocr_carea' id='block_1_2' title="bbox 372 591 992 822">
    <p class='ocr_par' dir='ltr' id='par_1_2' title="bbox 372 591 992 822">
     <span class='ocr_line' id='line_1_2' title="bbox 441 591 939 663; baseline -0.004 -10"><span class='ocrx_word' id='word_1_4' title='bbox 441 594 493 654; x_wconf 89' lang='lat' dir='ltr'><em>IN</em></span> <span class='ocrx_word' id='word_1_5' title='bbox 522 591 939 663; x_wconf 73' lang='lat' dir='ltr'><strong>‚VALENTINIANVM</strong></span> 
     </span>
     <span class='ocr_line' id='line_1_3' title="bbox 372 759 992 822; baseline 0.002 -3"><span class='ocrx_word' id='word_1_6' title='bbox 372 759 665 822; x_wconf 78' lang='lat' dir='ltr'><strong>SENIOREM</strong></span> <span class='ocrx_word' id='word_1_7' title='bbox 696 761 992 821; x_wconf 82' lang='lat' dir='ltr'><em>AVGVSTVM</em></span> 
     </span>
    </p>
   </div>
   <div class='ocr_carea' id='block_1_3' title="bbox 553 967 818 1012">
    <p class='ocr_par' dir='ltr' id='par_1_3' title="bbox 553 967 818 1012">
     <span class='ocr_line' id='line_1_4' title="bbox 553 967 818 1012; baseline -0.008 -4"><span class='ocrx_word' id='word_1_8' title='bbox 553 967 818 1012; x_wconf 64' lang='lat' dir='ltr'><em>uternensem</em></span> 
     </span>
    </p>
   </div>
   <div class='ocr_carea' id='block_1_4' title="bbox 150 1156 1256 3906">
    <p class='ocr_par' dir='ltr' id='par_1_4' title="bbox 150 1156 1256 3828">
     <span class='ocr_line' id='line_1_5' title="bbox 241 1156 1184 1294; baseline -0.003 -20"><span class='ocrx_word' id='word_1_9' title='bbox 241 1156 351 1274; x_wconf 66' lang='lat' dir='ltr'><em>Huc</em></span> <span class='ocrx_word' id='word_1_10' title='bbox 366 1218 474 1294; x_wconf 87' lang='lat' dir='ltr'><em>priore</em></span> <span class='ocrx_word' id='word_1_11' title='bbox 496 1211 863 1291; x_wconf 82' lang='lat' dir='ltr'><em>acephala-Laudatione</em></span> <span class='ocrx_word' id='word_1_12' title='bbox 886 1226 1101 1272; x_wconf 84' lang='lat' dir='ltr'><strong><em>commemorat</em></strong></span> <span class='ocrx_word' id='word_1_13' title='bbox 1116 1217 1184 1292; x_wconf 88' lang='lat' dir='ltr'><em>pri-</em></span> 
     </span>
     <span class='ocr_line' id='line_1_6' title="bbox 200 1314 1186 1391; baseline -0.007 -13"><span class='ocrx_word' id='word_1_14' title='bbox 200 1337 281 1378; x_wconf 91' lang='lat' dir='ltr'><em>mum</em></span> <span class='ocrx_word' id='word_1_15' title='bbox 301 1317 496 1388; x_wconf 73' lang='lat' dir='ltr'><strong><em>Symmachus</em></strong></span> <span class='ocrx_word' id='word_1_16' title='bbox 524 1314 726 1373; x_wconf 81' lang='lat' dir='ltr'><em>Valentiniani</em></span> <span class='ocrx_word' id='word_1_17' title='bbox 746 1314 934 1390; x_wconf 88' lang='lat' dir='ltr'><em>pueritiam,</em></span> <span class='ocrx_word' id='word_1_18' title='bbox 958 1317 1010 1388; x_wconf 86' lang='lat' dir='ltr'><em>qui</em></span> <span class='ocrx_word' id='word_1_19' title='bbox 1034 1317 1065 1370; x_wconf 93' lang='lat' dir='ltr'><em>in</em></span> <span class='ocrx_word' id='word_1_20' title='bbox 1086 1314 1186 1391; x_wconf 89' lang='lat' dir='ltr'><em>pluri-</em></span> 
     </span>
     <span class='ocr_line' id='line_1_7' title="bbox 204 1413 1186 1494; baseline -0.001 -21"><span class='ocrx_word' id='word_1_21' title='bbox 204 1416 260 1474; x_wconf 88' lang='lat' dir='ltr'><em>bus</em></span> <span class='ocrx_word' id='word_1_22' title='bbox 282 1413 385 1473; x_wconf 90' lang='lat' dir='ltr'><em>mundi</em></span> <span class='ocrx_word' id='word_1_23' title='bbox 399 1415 501 1494; x_wconf 81' lang='lat' dir='ltr'><em>plagis</em></span> <span class='ocrx_word' id='word_1_24' title='bbox 517 1431 590 1484; x_wconf 19' lang='lat' dir='ltr'><em>*cum</em></span> <span class='ocrx_word' id='word_1_25' title='bbox 606 1415 754 1470; x_wconf 85' lang='lat' dir='ltr'><em>Gratiano</em></span> <span class='ocrx_word' id='word_1_26' title='bbox 772 1426 904 1490; x_wconf 89' lang='lat' dir='ltr'><em>parente</em></span> <span class='ocrx_word' id='word_1_27' title='bbox 919 1413 1004 1491; x_wconf 88' lang='lat' dir='ltr'><em>apud</em></span> <span class='ocrx_word' id='word_1_28' title='bbox 1019 1417 1186 1472; x_wconf 83' lang='lat' dir='ltr'><em>exercitum</em></span> 
     </span>
     <span class='ocr_line' id='line_1_8' title="bbox 200 1510 1184 1589; baseline -0.004 -13"><span class='ocrx_word' id='word_1_29' title='bbox 200 1529 336 1577; x_wconf 75' lang='lat' dir='ltr'><em>uersatus</em></span> <span class='ocrx_word' id='word_1_30' title='bbox 363 1528 416 1572; x_wconf 88' lang='lat' dir='ltr'><em>est.</em></span> <span class='ocrx_word' id='word_1_31' title='bbox 451 1516 525 1572; x_wconf 84' lang='lat' dir='ltr'><em>Tum</em></span> <span class='ocrx_word' id='word_1_32' title='bbox 554 1510 685 1569; x_wconf 88' lang='lat' dir='ltr'><em>eiusdem</em></span> <span class='ocrx_word' id='word_1_33' title='bbox 722 1513 923 1572; x_wconf 75' lang='lat' dir='ltr'><em>Valentiniani</em></span> <span class='ocrx_word' id='word_1_34' title='bbox 958 1511 999 1569; x_wconf 87' lang='lat' dir='ltr'><em>ad</em></span> <span class='ocrx_word' id='word_1_35' title='bbox 1028 1516 1184 1589; x_wconf 79' lang='lat' dir='ltr'><em>imperinm</em></span> 
     </span>
     <span class='ocr_line' id='line_1_9' title="bbox 201 1616 1182 1694; baseline -0.001 -18"><span class='ocrx_word' id='word_1_36' title='bbox 201 1620 384 1678; x_wconf 78' lang='lat' dir='ltr'><em>evectionem</em></span> <span class='ocrx_word' id='word_1_37' title='bbox 399 1616 546 1684; x_wconf 79' lang='lat' dir='ltr'><em>celebrat,</em></span> <span class='ocrx_word' id='word_1_38' title='bbox 568 1635 724 1694; x_wconf 82' lang='lat' dir='ltr'><em>rursusque</em></span> <span class='ocrx_word' id='word_1_39' title='bbox 740 1618 873 1674; x_wconf 81' lang='lat' dir='ltr'><em>meminit</em></span> <span class='ocrx_word' id='word_1_40' title='bbox 887 1618 1027 1676; x_wconf 86' lang='lat' dir='ltr'><em>Gratiani</em></span> <span class='ocrx_word' id='word_1_41' title='bbox 1043 1620 1182 1694; x_wconf 89' lang='lat' dir='ltr'><em>parentis</em></span> 
     </span>
     <span class='ocr_line' id='line_1_10' title="bbox 150 1720 1256 1801; baseline -0.001 -21"><span class='ocrx_word' id='word_1_42' title='bbox 150 1786 153 1791; x_wconf 60' lang='grc'><em>,</em></span> <span class='ocrx_word' id='word_1_43' title='bbox 200 1737 232 1780; x_wconf 91' lang='lat' dir='ltr'><em>et</em></span> <span class='ocrx_word' id='word_1_44' title='bbox 255 1725 396 1782; x_wconf 86' lang='lat' dir='ltr'><em>Gratiani</em></span> <span class='ocrx_word' id='word_1_45' title='bbox 417 1725 508 1781; x_wconf 88' lang='lat' dir='ltr'><em>etiam</em></span> <span class='ocrx_word' id='word_1_46' title='bbox 530 1739 550 1779; x_wconf 91' lang='lat' dir='ltr'><em>a</em></span> <span class='ocrx_word' id='word_1_47' title='bbox 577 1722 789 1780; x_wconf 90' lang='lat' dir='ltr'><em>Valentiniano</em></span> <span class='ocrx_word' id='word_1_48' title='bbox 809 1723 921 1801; x_wconf 81' lang='lat' dir='ltr'><em>geniti,</em></span> <span class='ocrx_word' id='word_1_49' title='bbox 950 1721 1003 1796; x_wconf 84' lang='lat' dir='ltr'><em>qui</em></span> <span class='ocrx_word' id='word_1_50' title='bbox 1023 1720 1188 1779; x_wconf 77' lang='lat' dir='ltr'><em>admodum</em></span> <span class='ocrx_word' id='word_1_51' title='bbox 1255 1749 1256 1752; x_wconf 39' lang='lat'>¹</span> 
     </span>
     <span class='ocr_line' id='line_1_11' title="bbox 193 1819 1183 1903; baseline -0.001 -24"><span class='ocrx_word' id='word_1_52' title='bbox 193 1841 272 1903; x_wconf 86' lang='lat' dir='ltr'><em>puer</em></span> <span class='ocrx_word' id='word_1_53' title='bbox 300 1826 448 1903; x_wconf 84' lang='lat' dir='ltr'><em>Augustus</em></span> <span class='ocrx_word' id='word_1_54' title='bbox 481 1834 602 1880; x_wconf 86' lang='lat' dir='ltr'><em>creatus</em></span> <span class='ocrx_word' id='word_1_55' title='bbox 636 1835 691 1879; x_wconf 90' lang='lat' dir='ltr'><em>est.</em></span> <span class='ocrx_word' id='word_1_56' title='bbox 724 1823 829 1898; x_wconf 81' lang='lat' dir='ltr'><em>Pergit</em></span> <span class='ocrx_word' id='word_1_57' title='bbox 858 1819 967 1878; x_wconf 85' lang='lat' dir='ltr'><em>deinde</em></span> <span class='ocrx_word' id='word_1_58' title='bbox 996 1823 1109 1880; x_wconf 84' lang='lat' dir='ltr'><em>Orator</em></span> <span class='ocrx_word' id='word_1_59' title='bbox 1139 1821 1183 1878; x_wconf 84' lang='lat' dir='ltr'><em>acl</em></span> 
     </span>
     <span class='ocr_line' id='line_1_12' title="bbox 168 1923 1185 1998; baseline -0.004 -14"><span class='ocrx_word' id='word_1_60' title='bbox 168 1951 169 1954; x_wconf 41' lang='lat'>¹</span> <span class='ocrx_word' id='word_1_61' title='bbox 199 1926 388 1986; x_wconf 87' lang='lat' dir='ltr'><em>laudandum</em></span> <span class='ocrx_word' id='word_1_62' title='bbox 415 1925 619 1984; x_wconf 81' lang='lat' dir='ltr'><em>Valentiniani</em></span> <span class='ocrx_word' id='word_1_63' title='bbox 642 1923 797 1979; x_wconf 87' lang='lat' dir='ltr'><em>liberalem</em></span> <span class='ocrx_word' id='word_1_64' title='bbox 811 1925 958 1988; x_wconf 89' lang='lat' dir='ltr'><em>animum,</em></span> <span class='ocrx_word' id='word_1_65' title='bbox 974 1925 1026 1998; x_wconf 86' lang='lat' dir='ltr'><em>qui</em></span> <span class='ocrx_word' id='word_1_66' title='bbox 1039 1940 1185 1980; x_wconf 90' lang='lat' dir='ltr'><em>summum</em></span> 
     </span>
     <span class='ocr_line' id='line_1_13' title="bbox 178 2023 1234 2104; baseline -0.001 -21"><span class='ocrx_word' id='word_1_67' title='bbox 178 2029 356 2104; x_wconf 55' lang='lat' dir='ltr'><em>‘imperium</em></span> <span class='ocrx_word' id='word_1_68' title='bbox 379 2041 447 2080; x_wconf 90' lang='lat' dir='ltr'><em>cum</em></span> <span class='ocrx_word' id='word_1_69' title='bbox 473 2025 601 2082; x_wconf 85' lang='lat' dir='ltr'><em>Valente</em></span> <span class='ocrx_word' id='word_1_70' title='bbox 617 2023 722 2096; x_wconf 85' lang='lat' dir='ltr'><em>fratre</em></span> <span class='ocrx_word' id='word_1_71' title='bbox 745 2025 847 2081; x_wconf 82' lang='lat' dir='ltr'><em>statim</em></span> <span class='ocrx_word' id='word_1_72' title='bbox 870 2027 1113 2082; x_wconf 77' lang='lat' dir='ltr'><em>communicavit:</em></span> <span class='ocrx_word' id='word_1_73' title='bbox 1138 2029 1188 2082; x_wconf 88' lang='lat' dir='ltr'><em>eui</em></span> <span class='ocrx_word' id='word_1_74' title='bbox 1231 2064 1234 2071; x_wconf 81' lang='lat'><em>·</em></span> 
     </span>
     <span class='ocr_line' id='line_1_14' title="bbox 199 2119 1186 2202; baseline 0 -21"><span class='ocrx_word' id='word_1_75' title='bbox 199 2142 295 2200; x_wconf 83' lang='lat' dir='ltr'><em>quum</em></span> <span class='ocrx_word' id='word_1_76' title='bbox 320 2124 449 2180; x_wconf 84' lang='lat' dir='ltr'><em>Orientis</em></span> <span class='ocrx_word' id='word_1_77' title='bbox 483 2123 615 2202; x_wconf 85' lang='lat' dir='ltr'><em>regiones</em></span> <span class='ocrx_word' id='word_1_78' title='bbox 647 2119 848 2178; x_wconf 88' lang='lat' dir='ltr'><em>moderandas</em></span> <span class='ocrx_word' id='word_1_79' title='bbox 877 2123 1069 2179; x_wconf 86' lang='lat' dir='ltr'><em>commisisset</em></span> <span class='ocrx_word' id='word_1_80' title='bbox 1079 2165 1091 2195; x_wconf 81' lang='lat'><em>,</em></span> <span class='ocrx_word' id='word_1_81' title='bbox 1122 2125 1186 2200; x_wconf 91' lang='lat' dir='ltr'><em>ipse</em></span> 
     </span>
     <span class='ocr_line' id='line_1_15' title="bbox 197 2221 1186 2303; baseline -0.003 -18"><span class='ocrx_word' id='word_1_82' title='bbox 197 2231 229 2286; x_wconf 91' lang='lat' dir='ltr'><em>in</em></span> <span class='ocrx_word' id='word_1_83' title='bbox 253 2229 369 2284; x_wconf 87' lang='lat' dir='ltr'><em>Gallias</em></span> <span class='ocrx_word' id='word_1_84' title='bbox 402 2223 444 2282; x_wconf 82' lang='lat' dir='ltr'><em>an</em></span> <span class='ocrx_word' id='word_1_85' title='bbox 476 2221 674 2283; x_wconf 88' lang='lat' dir='ltr'><em>continendas</em></span> <span class='ocrx_word' id='word_1_86' title='bbox 698 2224 915 2283; x_wconf 87' lang='lat' dir='ltr'><em>Germanorum</em></span> <span class='ocrx_word' id='word_1_87' title='bbox 930 2243 933 2248; x_wconf 91' lang='lat'>·</span> <span class='ocrx_word' id='word_1_88' title='bbox 947 2225 1128 2303; x_wconf 84' lang='lat' dir='ltr'><em>irruptiones</em></span> <span class='ocrx_word' id='word_1_89' title='bbox 1156 2243 1186 2282; x_wconf 86' lang='lat' dir='ltr'><em>se</em></span> 
     </span>
     <span class='ocr_line' id='line_1_16' title="bbox 200 2321 1186 2404; baseline 0 -21"><span class='ocrx_word' id='word_1_90' title='bbox 200 2330 335 2404; x_wconf 87' lang='lat' dir='ltr'><em>recepit:</em></span> <span class='ocrx_word' id='word_1_91' title='bbox 359 2324 525 2402; x_wconf 80' lang='lat' dir='ltr'><em>ibidemque</em></span> <span class='ocrx_word' id='word_1_92' title='bbox 547 2321 601 2381; x_wconf 90' lang='lat' dir='ltr'><em>sub</em></span> <span class='ocrx_word' id='word_1_93' title='bbox 617 2321 771 2401; x_wconf 87' lang='lat' dir='ltr'><em>pellibus,</em></span> <span class='ocrx_word' id='word_1_94' title='bbox 796 2322 928 2382; x_wconf 87' lang='lat' dir='ltr'><em>barbaro</em></span> <span class='ocrx_word' id='word_1_95' title='bbox 950 2326 981 2379; x_wconf 92' lang='lat' dir='ltr'><em>in</em></span> <span class='ocrx_word' id='word_1_96' title='bbox 1004 2343 1077 2404; x_wconf 86' lang='lat' dir='ltr'><em>agro</em></span> <span class='ocrx_word' id='word_1_97' title='bbox 1094 2335 1113 2392; x_wconf 70' lang='lat'><em>‚⁴</em></span> <span class='ocrx_word' id='word_1_98' title='bbox 1127 2344 1186 2383; x_wconf 87' lang='lat' dir='ltr'><em>coe·</em></span> 
     </span>
     <span class='ocr_line' id='line_1_17' title="bbox 198 2421 1193 2501; baseline 0.003 -22"><span class='ocrx_word' id='word_1_99' title='bbox 198 2423 290 2501; x_wconf 83' lang='lat' dir='ltr'><em>loque</em></span> <span class='ocrx_word' id='word_1_100' title='bbox 313 2424 483 2480; x_wconf 90' lang='lat' dir='ltr'><em>inclementi</em></span> <span class='ocrx_word' id='word_1_101' title='bbox 505 2421 609 2478; x_wconf 89' lang='lat' dir='ltr'><em>tuendi</em></span> <span class='ocrx_word' id='word_1_102' title='bbox 629 2424 745 2498; x_wconf 87' lang='lat' dir='ltr'><em>imperii</em></span> <span class='ocrx_word' id='word_1_103' title='bbox 768 2440 862 2479; x_wconf 90' lang='lat' dir='ltr'><em>causa</em></span> <span class='ocrx_word' id='word_1_104' title='bbox 893 2421 945 2479; x_wconf 87' lang='lat' dir='ltr'><em>diu</em></span> <span class='ocrx_word' id='word_1_105' title='bbox 975 2438 1108 2483; x_wconf 82' lang='lat' dir='ltr'><em>versatus</em></span> <span class='ocrx_word' id='word_1_106' title='bbox 1130 2424 1193 2483; x_wconf 67' lang='lat' dir='ltr'><em>esti</em></span> 
     </span>
     <span class='ocr_line' id='line_1_18' title="bbox 195 2517 1181 2602; baseline 0.002 -22"><span class='ocrx_word' id='word_1_107' title='bbox 195 2522 324 2596; x_wconf 80' lang='lat' dir='ltr'><em>Interim</em></span> <span class='ocrx_word' id='word_1_108' title='bbox 346 2517 473 2576; x_wconf 84' lang='lat' dir='ltr'><em>rebelles</em></span> <span class='ocrx_word' id='word_1_109' title='bbox 495 2520 525 2574; x_wconf 89' lang='lat' dir='ltr'><em>in</em></span> <span class='ocrx_word' id='word_1_110' title='bbox 549 2520 671 2575; x_wconf 89' lang='lat' dir='ltr'><em>Oriente</em></span> <span class='ocrx_word' id='word_1_111' title='bbox 692 2530 791 2576; x_wconf 91' lang='lat' dir='ltr'><em>motus</em></span> <span class='ocrx_word' id='word_1_112' title='bbox 811 2522 916 2594; x_wconf 88' lang='lat' dir='ltr'><em>(duce</em></span> <span class='ocrx_word' id='word_1_113' title='bbox 938 2542 1046 2602; x_wconf 82' lang='lat' dir='ltr'><em>nempe</em></span> <span class='ocrx_word' id='word_1_114' title='bbox 1066 2527 1181 2584; x_wconf 56' lang='lat' dir='ltr'><em>Proto*</em></span> 
     </span>
     <span class='ocr_line' id='line_1_19' title="bbox 190 2622 1187 2709; baseline 0.006 -29"><span class='ocrx_word' id='word_1_115' title='bbox 190 2625 277 2704; x_wconf 89' lang='lat' dir='ltr'><em>pio)</em></span> <span class='ocrx_word' id='word_1_116' title='bbox 312 2623 459 2678; x_wconf 80' lang='lat' dir='ltr'><em>exstitisse</em></span> <span class='ocrx_word' id='word_1_117' title='bbox 490 2623 538 2677; x_wconf 90' lang='lat' dir='ltr'><em>ait</em></span> <span class='ocrx_word' id='word_1_118' title='bbox 571 2622 704 2694; x_wconf 88' lang='lat' dir='ltr'><em>Orator,</em></span> <span class='ocrx_word' id='word_1_119' title='bbox 736 2627 788 2702; x_wconf 85' lang='lat' dir='ltr'><em>qni</em></span> <span class='ocrx_word' id='word_1_120' title='bbox 817 2646 908 2703; x_wconf 84' lang='lat' dir='ltr'><em>quum</em></span> <span class='ocrx_word' id='word_1_121' title='bbox 941 2630 1029 2686; x_wconf 89' lang='lat' dir='ltr'><em>citius</em></span> <span class='ocrx_word' id='word_1_122' title='bbox 1064 2631 1187 2709; x_wconf 90' lang='lat' dir='ltr'><em>reprimi</em></span> 
     </span>
     <span class='ocr_line' id='line_1_20' title="bbox 190 2726 1184 2809; baseline 0.001 -22"><span class='ocrx_word' id='word_1_123' title='bbox 190 2741 317 2809; x_wconf 90' lang='lat' dir='ltr'><em>possent</em></span> <span class='ocrx_word' id='word_1_124' title='bbox 336 2745 356 2784; x_wconf 90' lang='lat' dir='ltr'><em>a</em></span> <span class='ocrx_word' id='word_1_125' title='bbox 378 2726 545 2785; x_wconf 87' lang='lat' dir='ltr'><em>coniunctis</em></span> <span class='ocrx_word' id='word_1_126' title='bbox 561 2728 715 2804; x_wconf 82' lang='lat' dir='ltr'><em>utriusque</em></span> <span class='ocrx_word' id='word_1_127' title='bbox 728 2730 926 2806; x_wconf 87' lang='lat' dir='ltr'><em>Imperatoris</em></span> <span class='ocrx_word' id='word_1_128' title='bbox 941 2730 1069 2803; x_wconf 78' lang='lat' dir='ltr'><em>uiribus,</em></span> <span class='ocrx_word' id='word_1_129' title='bbox 1084 2732 1184 2789; x_wconf 89' lang='lat' dir='ltr'><em>noluit</em></span> 
     </span>
     <span class='ocr_line' id='line_1_21' title="bbox 197 2829 1183 2913; baseline -0.001 -20"><span class='ocrx_word' id='word_1_130' title='bbox 197 2849 299 2893; x_wconf 88' lang='lat' dir='ltr'><em>tamen</em></span> <span class='ocrx_word' id='word_1_131' title='bbox 325 2833 576 2898; x_wconf 86' lang='lat' dir='ltr'><em>Valentinianus,</em></span> <span class='ocrx_word' id='word_1_132' title='bbox 601 2829 690 2889; x_wconf 88' lang='lat' dir='ltr'><em>rebus</em></span> <span class='ocrx_word' id='word_1_133' title='bbox 714 2834 885 2892; x_wconf 83' lang='lat' dir='ltr'><em>Germaniae</em></span> <span class='ocrx_word' id='word_1_134' title='bbox 907 2834 1039 2894; x_wconf 88' lang='lat' dir='ltr'><em>nondum</em></span> <span class='ocrx_word' id='word_1_135' title='bbox 1061 2854 1183 2913; x_wconf 88' lang='lat' dir='ltr'><em>compo·</em></span> 
     </span>
     <span class='ocr_line' id='line_1_22' title="bbox 196 2929 1184 3008; baseline 0 -18"><span class='ocrx_word' id='word_1_136' title='bbox 196 2935 281 3001; x_wconf 84' lang='lat' dir='ltr'><em>sitis,</em></span> <span class='ocrx_word' id='word_1_137' title='bbox 304 2936 334 2990; x_wconf 90' lang='lat' dir='ltr'><em>in</em></span> <span class='ocrx_word' id='word_1_138' title='bbox 358 2933 509 2988; x_wconf 86' lang='lat' dir='ltr'><em>Orientem</em></span> <span class='ocrx_word' id='word_1_139' title='bbox 532 2933 619 3008; x_wconf 82' lang='lat' dir='ltr'><em>signa</em></span> <span class='ocrx_word' id='word_1_140' title='bbox 641 2929 816 3006; x_wconf 80' lang='lat' dir='ltr'><em>transferre.</em></span> <span class='ocrx_word' id='word_1_141' title='bbox 840 2935 1056 2993; x_wconf 81' lang='lat' dir='ltr'><em>Adlocutiones</em></span> <span class='ocrx_word' id='word_1_142' title='bbox 1092 2938 1184 2991; x_wconf 84' lang='lat' dir='ltr'><em>etiam</em></span> 
     </span>
     <span class='ocr_line' id='line_1_23' title="bbox 198 3029 1186 3110; baseline 0.001 -21"><span class='ocrx_word' id='word_1_143' title='bbox 198 3036 383 3097; x_wconf 88' lang='lat' dir='ltr'><em>innuuntur,</em></span> <span class='ocrx_word' id='word_1_144' title='bbox 418 3029 524 3108; x_wconf 82' lang='lat' dir='ltr'><em>quibus</em></span> <span class='ocrx_word' id='word_1_145' title='bbox 561 3035 728 3090; x_wconf 78' lang='lat' dir='ltr'><em>exercitum</em></span> <span class='ocrx_word' id='word_1_146' title='bbox 760 3052 846 3092; x_wconf 88' lang='lat' dir='ltr'><em>suum</em></span> <span class='ocrx_word' id='word_1_147' title='bbox 883 3038 1110 3110; x_wconf 82' lang='lat' dir='ltr'><em>Valentinianus</em></span> <span class='ocrx_word' id='word_1_148' title='bbox 1144 3036 1186 3090; x_wconf 93' lang='lat' dir='ltr'><em>ad</em></span> 
     </span>
     <span class='ocr_line' id='line_1_24' title="bbox 200 3128 1183 3211; baseline 0.005 -25"><span class='ocrx_word' id='word_1_149' title='bbox 200 3128 312 3187; x_wconf 89' lang='lat' dir='ltr'><em>bellum</em></span> <span class='ocrx_word' id='word_1_150' title='bbox 338 3131 441 3206; x_wconf 90' lang='lat' dir='ltr'><em>potius</em></span> <span class='ocrx_word' id='word_1_151' title='bbox 476 3130 688 3202; x_wconf 83' lang='lat' dir='ltr'><em>Germanicum</em></span> <span class='ocrx_word' id='word_1_152' title='bbox 720 3149 811 3207; x_wconf 85' lang='lat' dir='ltr'><em>quam</em></span> <span class='ocrx_word' id='word_1_153' title='bbox 838 3134 922 3191; x_wconf 79' lang='lat' dir='ltr'><em>ciuile</em></span> <span class='ocrx_word' id='word_1_154' title='bbox 938 3133 1183 3211; x_wconf 86' lang='lat' dir='ltr'><em>persequendum</em></span> 
     </span>
     <span class='ocr_line' id='line_1_25' title="bbox 198 3232 1184 3312; baseline 0.002 -22"><span class='ocrx_word' id='word_1_155' title='bbox 198 3232 340 3291; x_wconf 83' lang='lat' dir='ltr'><em>hortatus</em></span> <span class='ocrx_word' id='word_1_156' title='bbox 364 3243 416 3287; x_wconf 84' lang='lat' dir='ltr'><em>est.</em></span> <span class='ocrx_word' id='word_1_157' title='bbox 436 3232 517 3289; x_wconf 88' lang='lat' dir='ltr'><em>·Tum</em></span> <span class='ocrx_word' id='word_1_158' title='bbox 540 3236 654 3312; x_wconf 88' lang='lat' dir='ltr'><em>etipse</em></span> <span class='ocrx_word' id='word_1_159' title='bbox 687 3232 796 3290; x_wconf 90' lang='lat' dir='ltr'><em>Valens</em></span> <span class='ocrx_word' id='word_1_160' title='bbox 828 3232 960 3292; x_wconf 79' lang='lat' dir='ltr'><em>breuiter</em></span> <span class='ocrx_word' id='word_1_161' title='bbox 992 3233 1184 3292; x_wconf 88' lang='lat' dir='ltr'><em>commenda·</em></span> 
     </span>
     <span class='ocr_line' id='line_1_26' title="bbox 199 3334 1181 3414; baseline -0.002 -18"><span class='ocrx_word' id='word_1_162' title='bbox 199 3353 271 3405; x_wconf 86' lang='lat' dir='ltr'><em>tur,</em></span> <span class='ocrx_word' id='word_1_163' title='bbox 292 3338 346 3414; x_wconf 83' lang='lat' dir='ltr'><em>qui</em></span> <span class='ocrx_word' id='word_1_164' title='bbox 360 3347 459 3413; x_wconf 85' lang='lat' dir='ltr'><em>parta</em></span> <span class='ocrx_word' id='word_1_165' title='bbox 480 3334 517 3390; x_wconf 90' lang='lat' dir='ltr'><em>de</em></span> <span class='ocrx_word' id='word_1_166' title='bbox 533 3335 740 3413; x_wconf 88' lang='lat' dir='ltr'><em>perduellibus</em></span> <span class='ocrx_word' id='word_1_167' title='bbox 773 3338 900 3396; x_wconf 81' lang='lat' dir='ltr'><em>victoria</em></span> <span class='ocrx_word' id='word_1_168' title='bbox 915 3355 981 3394; x_wconf 56' lang='lat' dir='ltr'><em>&lt;non</em></span> <span class='ocrx_word' id='word_1_169' title='bbox 1005 3351 1050 3395; x_wconf 88' lang='lat' dir='ltr'><em>est</em></span> <span class='ocrx_word' id='word_1_170' title='bbox 1071 3337 1181 3394; x_wconf 89' lang='lat' dir='ltr'><em>crude-</em></span> 
     </span>
     <span class='ocr_line' id='line_1_27' title="bbox 197 3428 1184 3516; baseline 0.004 -19"><span class='ocrx_word' id='word_1_171' title='bbox 197 3442 267 3498; x_wconf 89' lang='lat' dir='ltr'><em>liter</em></span> <span class='ocrx_word' id='word_1_172' title='bbox 288 3457 367 3496; x_wconf 86' lang='lat' dir='ltr'><em>usus.</em></span> <span class='ocrx_word' id='word_1_173' title='bbox 392 3434 554 3496; x_wconf 87' lang='lat' dir='ltr'><em>Laudatur</em></span> <span class='ocrx_word' id='word_1_174' title='bbox 575 3438 702 3516; x_wconf 80' lang='lat' dir='ltr'><em>denique</em></span> <span class='ocrx_word' id='word_1_175' title='bbox 726 3441 818 3499; x_wconf 72' lang='lat' dir='ltr'><em>cattis</em></span> <span class='ocrx_word' id='word_1_176' title='bbox 833 3428 1053 3500; x_wconf 88' lang='lat' dir='ltr'><em>administratio</em></span> <span class='ocrx_word' id='word_1_177' title='bbox 1075 3443 1184 3501; x_wconf 89' lang='lat' dir='ltr'><em>Valen-</em></span> 
     </span>
     <span class='ocr_line' id='line_1_28' title="bbox 198 3536 1182 3618; baseline -0.001 -21"><span class='ocrx_word' id='word_1_178' title='bbox 198 3542 325 3610; x_wconf 90' lang='lat' dir='ltr'><em>tiniani,</em></span> <span class='ocrx_word' id='word_1_179' title='bbox 347 3541 400 3615; x_wconf 83' lang='lat' dir='ltr'><em>qui</em></span> <span class='ocrx_word' id='word_1_180' title='bbox 415 3537 529 3616; x_wconf 84' lang='lat' dir='ltr'><em>fugato</em></span> <span class='ocrx_word' id='word_1_181' title='bbox 552 3536 669 3595; x_wconf 88' lang='lat' dir='ltr'><em>ambitu</em></span> <span class='ocrx_word' id='word_1_182' title='bbox 690 3536 854 3618; x_wconf 87' lang='lat' dir='ltr'><em>dignitates</em></span> <span class='ocrx_word' id='word_1_183' title='bbox 875 3543 981 3599; x_wconf 79' lang='lat' dir='ltr'><em>uirtuti</em></span> <span class='ocrx_word' id='word_1_184' title='bbox 1008 3539 1182 3598; x_wconf 88' lang='lat' dir='ltr'><em>tribuendas</em></span> 
     </span>
     <span class='ocr_line' id='line_1_29' title="bbox 196 3640 1181 3728; baseline 0.003 -28"><span class='ocrx_word' id='word_1_185' title='bbox 196 3640 345 3713; x_wconf 86' lang='lat' dir='ltr'><em>curabat,</em></span> <span class='ocrx_word' id='word_1_186' title='bbox 378 3660 417 3700; x_wconf 89' lang='lat' dir='ltr'><em>ac</em></span> <span class='ocrx_word' id='word_1_187' title='bbox 448 3645 526 3701; x_wconf 92' lang='lat' dir='ltr'><em>mira</em></span> <span class='ocrx_word' id='word_1_188' title='bbox 559 3642 723 3700; x_wconf 89' lang='lat' dir='ltr'><em>concordia</em></span> <span class='ocrx_word' id='word_1_189' title='bbox 755 3657 872 3726; x_wconf 85' lang='lat' dir='ltr'><em>togatos</em></span> <span class='ocrx_word' id='word_1_190' title='bbox 898 3648 1093 3728; x_wconf 82' lang='lat' dir='ltr'><em>magistratus</em></span> <span class='ocrx_word' id='word_1_191' title='bbox 1115 3665 1181 3704; x_wconf 91' lang='lat' dir='ltr'><em>cum</em></span> 
     </span>
     <span class='ocr_line' id='line_1_30' title="bbox 197 3743 716 3828; baseline 0.004 -25"><span class='ocrx_word' id='word_1_192' title='bbox 197 3749 311 3828; x_wconf 85' lang='lat' dir='ltr'><em>sagatis</em></span> <span class='ocrx_word' id='word_1_193' title='bbox 333 3743 488 3806; x_wconf 87' lang='lat' dir='ltr'><em>ordinibus</em></span> <span class='ocrx_word' id='word_1_194' title='bbox 510 3745 716 3826; x_wconf 86' lang='lat' dir='ltr'><em>implicuerat.</em></span> 
     </span>
    </p>

    <p class='ocr_par' dir='ltr' id='par_1_5' title="bbox 1018 3870 1030 3906">
     <span class='ocr_line' id='line_1_31' title="bbox 1018 3870 1030 3906; baseline 0 0"><span class='ocrx_word' id='word_1_195' title='bbox 1018 3870 1030 3906; x_wconf 88' lang='lat'>1</span> 
     </span>
    </p>
   </div>
   <div class='ocr_carea' id='block_1_5' title="bbox 0 0 1363 4410">
    <p class='ocr_par' dir='ltr' id='par_1_6' title="bbox 0 0 1363 4410">
     <span class='ocr_line' id='line_1_32' title="bbox 0 0 1363 4410; baseline 0 0"><span class='ocrx_word' id='word_1_196' title='bbox 0 0 1363 4410; x_wconf 95' lang='lat' dir='ltr'><em> </em></span> 
     </span>
    </p>
   </div>
  </div>
 </body>
</html>
