2714 4410
481 317 597 363 onemo
619 318 678 362 ruo
696 308 855 364 ‘rurouuo
930 369 932 373 ,
1015 332 1017 335 ·
1098 284 1134 370 δί

183 458 319 520 liberam
340 467 444 524 tenet,
460 457 518 515 sub
535 477 598 536 quo
622 456 744 535 aliquid
767 427 977 517 invidendum
1000 469 1157 540 potestati
1182 514 1185 517 .

186 558 332 616 Senatus.
361 556 436 616 Ideo
461 557 507 638 (a)
532 576 675 636 magnus,
700 558 774 614 ideo
799 557 970 634 praeclarus
1001 581 1055 632 ea,
1082 569 1160 641 quia

185 661 328 737 primum
351 671 381 714 te
404 661 505 716 mavis
529 677 597 714 esee
622 675 716 733 quam
737 654 849 714 solum.
869 657 1031 736 Quidquid
1054 666 1160 741 adipi·

187 777 331 820 eeumtur
359 756 404 838 (b)
435 762 533 826 honi,
558 758 676 816 saeculo
709 773 766 815 tuo
798 760 949 834 profecit.
977 761 1157 822 Traxerunt
1234 785 1238 797 ·

187 861 265 918 olim
288 859 436 938 plerique
454 857 497 938 (c)
516 859 670 934 suspiria,
688 871 721 915 et
746 859 835 933 quasi
859 861 957 916 amari
981 859 1158 937 imperato-

185 964 276 1023 ribue
299 976 420 1020 tentum
444 960 581 1029 liceret,
604 962 803 1038 privatorum
827 963 939 1020 merita
961 960 1157 1042 presserunt.

185 1065 404 1124 Mihiautem
427 1072 515 1123 ‘vere
548 1077 641 1142 pater
671 1065 784 1140 patriae
816 1065 965 1134 videtur,
1002 1070 1060 1133 tuh
1095 1085 1158 1147 qun

184 1168 312 1228 laudari
336 1171 387 1224 vir
410 1169 550 1244 optimus
573 1186 638 1225 non
661 1167 763 1225 timei.
787 1166 844 1223 Est
866 1169 960 1225 etiam
989 1168 1044 1227 ilia
1065 1191 1159 1229 aeuu-

180 1271 266 1326 .ritae
290 1266 445 1343 temporie
468 1268 541 1334 tui,
564 1268 651 1343 quod
676 1284 768 1322 nemo
797 1283 828 1322 ae
858 1269 942 1343 apud
967 1266 1012 1346 (d)
1038 1267 1160 1327 Princi-

184 1389 261 1448 pem
284 1372 441 1427 minorem
464 1367 534 1428 fieri
556 1376 665 1449 putat,
689 1371 716 1426 ei
738 1366 810 1447 ipse
833 1370 967 1429 alterum
991 1375 1055 1432 eibi
1079 1394 1161 1452 prae-

186 1476 279 1533 ferat.
304 1473 383 1548 Quis
406 1475 491 1531 enim
525 1489 571 1531 eet
603 1474 736 1533 invidiae
765 1471 878 1543 locus,
909 1494 981 1532 eum
1008 1488 1118 1536 omnee
1141 1498 1161 1536 a
1204 1509 1205 1514 κ

167 1585 218 1645 >te
242 1577 327 1631 iusto
351 1577 465 1633 ordine
489 1572 687 1654 diligantur?

225 1673 285 1733 111.
307 1675 369 1734 Sed
392 1676 452 1733 iam
477 1674 553 1731 eatie
576 1672 676 1731 muita
699 1674 739 1730 de
762 1671 868 1730 nobie.
890 1672 1008 1731 Demus
1032 1673 1160 1752 aliquid
1179 1740 1181 1748 ,

183 1794 308 1854 operae.
337 1774 462 1855 aliquid
486 1777 642 1854 temporis
671 1775 770 1830 etiem
793 1770 947 1851 Trygetio
977 1772 1160 1835 clariaeimo

184 1891 218 1933 et
228 1881 409 1954 emendato
433 1879 524 1942 viro,
545 1878 602 1951 qui
625 1894 682 1932 voa
707 1873 752 1951 (e)
771 1877 875 1929 oratos
899 1893 958 1946 per
982 1893 1031 1932 me
1054 1878 1161 1954 adque

185 1989 336 2034 exoratos
359 1978 470 2049 cupit,
493 1989 530 2030 ut
551 1975 621 2029 eius
637 1970 740 2026 filium
757 1971 917 2028 functioni
932 1970 984 2049 (f)
999 1978 1164 2050 praetoria

186 2076 383 2132 deetinatum
406 2072 549 2129 decimus
573 2090 673 2128 annue
702 2070 845 2146 accipiat
869 2068 928 2148 (1).
953 2070 989 2128 Si
1012 2073 1161 2132 voluntas

186 2176 447 2252 spectandum,
464 2174 591 2231 debetis
607 2169 793 2230 munificum
810 2185 990 2248 eenatprem
1007 2178 1163 2254 probare,

186 2278 213 2334 ei
236 2275 403 2334 facultatis
425 2275 510 2334 nihil
532 2274 606 2354 pius
629 2277 767 2353 potestis
791 2273 958 2352 inponere.

226 2377 280 2436 lv,
304 2377 353 2434 Me
378 2396 507 2456 quoque
530 2377 564 2433 in
579 2376 642 2455 hoa
657 2375 788 2453 negotio
808 2377 946 2452 eogitari
970 2377 1082 2444 decet,
1105 2379 1163 2454 qui

133 2494 135 2504 ¹
186 2479 278 2536 eoleo
312 2499 412 2558 agere
437 2480 576 2558 gratiae,
609 2478 665 2554 qui
700 2474 868 2532 obliterari
900 2476 1071 2535 benefacta
1097 2499 1163 2535 non
1242 2460 1244 2464 ,

92 2646 96 2651 .
186 2582 304 2658 patior.
330 2580 432 2638 Recte
460 2579 607 2638 locantur
640 2577 744 2636 officie
777 2580 939 2646 necunde,
970 2580 1026 2636 uhi
1061 2582 1164 2655 prima

184 2684 366 2759 viguerunt.
391 2681 492 2738 Istum
519 2698 604 2740 novo
634 2682 747 2738 debito
772 2678 928 2757 alligetis,
951 2700 1002 2737 me
1025 2685 1162 2758 gemino.

485 2904 612 2977 Reliqua
634 2897 856 2958 desiderantur.

214 3075 240 3116 (a)
252 3074 300 3109 cod.
310 3074 362 3110 adea.
374 3076 399 3119 (b)
411 3079 441 3111 Ire
452 3077 499 3112 ced.
513 3075 646 3125 adipummw.
664 3078 688 3118 (e)
701 3075 749 3110 cod.
758 3074 846 3124 leque.
863 3072 889 3116 (d)
905 3076 934 3108 Ire
946 3055 993 3108 (toa.
1007 3071 1069 3120 apud,
1083 3083 1102 3108 et
1114 3072 1163 3108 aiibi

187 3148 265 3183 «emper
277 3147 326 3184 epm·
343 3140 367 3181 (e)
387 3138 432 3174 ced.
449 3139 488 3187 quia
506 3151 547 3182 eor,
567 3137 599 3174 vel
618 3141 649 3187 qui
667 3149 713 3172 auae·
731 3135 765 3183 (s)
778 3136 823 3170 cod.
833 3136 943 3181 fluctiones.

213 3252 319 3306 (1)Hoe
336 3251 444 3309 indicat,
470 3251 576 3312 'trygetii
602 3249 677 3294 filium
695 3248 809 3307 petivisse
828 3259 954 3304 preturam
971 3248 1093 3291 urbanam.
1129 3248 1170 3292 Ait

182 3341 273 3402 quippe
291 3340 403 3398 Polybiue
420 3353 453 3384 vr·
474 3352 512 3397 17.
530 3339 650 3385 urbanum
676 3337 839 3398 magietrntum
857 3350 907 3378 uon
925 3342 979 3377 ante
1006 3348 1092 3390 capere
1120 3333 1169 3379 eui·

183 3439 252 3485 quam
279 3425 386 3467 Romano
413 3423 523 3479 lieuiese,
550 3438 620 3482 quam
648 3422 730 3465 decem
757 3434 832 3463 auuoa
849 3419 974 3462 militando
993 3417 1116 3479 exegisset.
1133 3419 1170 3462 De

102 3559 106 3569 f
180 3519 283 3568 praetura
301 3512 391 3554 urbana
409 3509 514 3571 Trygetii
530 3507 590 3568 filii,
607 3511 685 3570 deque
703 3511 748 3554 hue
765 3509 816 3564 ipsa
834 3506 946 3550 Oratione
970 3506 1038 3566 ioqui
1065 3506 1171 3550 arbitror
1260 3542 1265 3557 ,

181 3593 347 3649 Symmachum
364 3593 390 3636 in
407 3592 514 3650 Epistola
532 3593 562 3636 ad
584 3593 734 3637 Theodorum
767 3606 830 3635 noue
856 3589 913 3635 libri
945 3589 1040 3650 quintia
1068 3609 1081 3630 ι
1101 3591 1169 3632 Duae

117 3690 121 3700 ‘
179 3685 195 3718 κ’
215 3678 382 3722 oratiunculae
400 3693 480 3737 nuper
498 3679 572 3723 editas
592 3697 604 3724 a
621 3680 689 3725 uobis
707 3680 768 3725 misi.
789 3681 876 3728 Eurum
893 3695 941 3726 una
957 3681 989 3726 ati
1009 3679 1114 3726 urbanus
1133 3676 1169 3721 fe·

182 3782 195 3805 ι
215 3779 264 3810 ecee
282 3766 437 3812 reeultantem
454 3765 612 3814 Cautlitiatum
627 3767 705 3814 tenuit
720 3788 755 3821 a„
830 3803 833 3809 ,
1165 3765 1168 3773 “
