2714 4410
1097 273 1139 337 49

227 389 273 446 En
293 388 384 468 igitur
406 386 468 444 eius
484 383 635 442 Orationis
648 382 878 463 Fragmentum,
900 388 931 444 in
953 389 1037 448 cuius
1054 393 1157 469 priore

180 504 275 569 parte
297 508 404 569 reapse
427 493 537 547 Orator
561 506 620 566 pto
655 492 790 548 restituto
813 493 907 549 Patre
935 498 1053 570 gratias
1074 500 1158 576 agit:

189 605 252 649 tum
283 592 324 650 ad
343 594 446 668 'fliium
481 594 613 671 Trygetii
635 596 759 665 transit,
791 613 878 672 quem
911 599 1101 659 commendat
1126 612 1162 661 nt

179 708 348 773 praturam
370 706 577 770 consequatur.
597 732 600 739 -

226 800 265 852 D.
287 799 465 874 Augustinus
494 789 670 865 Symmacho
693 794 810 852 oratori
832 808 1001 854 coutancus
1021 801 1041 867 (
1057 817 1077 855 a
1097 818 1156 876 quo

185 903 277 956 etiam
285 899 431 976 praefecto
446 894 531 954 Urbis
541 896 747 953 Mediolanum
762 895 917 953 rhetoricae
931 902 1004 954 artis
1017 902 1159 977 magister

184 1007 288 1057 missus
310 1013 356 1057 cst
370 1004 392 1072 )
425 1001 556 1058 meminit
587 999 717 1076 Trygetii
747 999 815 1055 ciuis
848 1011 879 1055 et
904 998 1041 1078 discipuli
1059 1005 1107 1061 sui
1126 1006 1158 1060 in

182 1098 272 1158 Libro
289 1102 329 1157 de
345 1099 418 1156 Vita
432 1099 526 1155 beata
543 1098 613 1176 Cap.
626 1094 654 1152 6.
668 1100 745 1170 Quin
759 1095 838 1154 idem
855 1097 1011 1177 Trygetius
1025 1099 1160 1180 disputat
1256 1152 1263 1157 .

183 1199 214 1254 in
248 1201 359 1255 eodem
394 1196 512 1262 Libro,
549 1197 578 1252 in
600 1196 801 1253 Academicis
836 1200 926 1254 etde
949 1196 1079 1257 Ordine.
1110 1201 1159 1258 Ad

186 1301 358 1378 Trygetium
379 1299 449 1356 item
470 1295 547 1353 data
568 1310 612 1354 est
631 1299 696 1355 Lex
717 1311 745 1369 4.
772 1298 829 1355 Tit.
856 1297 1058 1357 20.Lib.11.
1084 1300 1156 1360 Cod.

188 1395 366 1455 Theodab
393 1397 486 1473 Impp.
509 1398 641 1454 Honorio
670 1408 701 1452 et
723 1395 898 1456 Theodosio.
930 1401 1026 1458 Nimis
1057 1414 1159 1460 autem

187 1500 292 1559 abesse
318 1500 436 1560 uidetur
460 1497 499 1557 ab
526 1498 570 1556 his
592 1497 771 1578 temporibus
793 1501 843 1559 ilie
867 1501 1040 1579 Trygetius,
1071 1521 1159 1579 quem

183 1606 298 1661 Auctor
316 1605 459 1662 Historia
484 1603 623 1660 miscellae
646 1599 711 1658 Lib.
742 1619 811 1663 xrr.
835 1603 880 1658 ait
908 1600 962 1659 sub
991 1602 1157 1662 Theodosio

180 1705 304 1762 Inniore
327 1715 359 1759 ct
383 1703 590 1762 Valentiniano
611 1702 665 1760 ΠΙ.
683 1704 854 1781 portionem
874 1699 984 1774 Africa
1016 1700 1158 1760 Vandalis

161 1800 225 1858 ad
253 1800 451 1863 habitandum
478 1801 620 1870 dedisse,
642 1820 723 1878 pace
750 1803 844 1883 magis
870 1804 1042 1862 necessaria
1066 1819 1157 1879 quant

181 1904 258 1962 utili.
313 1954 316 1959 ,
